day;timestamp;product;bid_price_1;bid_volume_1;bid_price_2;bid_volume_2;bid_price_3;bid_volume_3;ask_price_1;ask_volume_1;ask_price_2;ask_volume_2;ask_price_3;ask_volume_3;mid_price;profit_and_loss
-1;0;RAINFOREST_RESIN;10002;1;9996;2;9995;29;10004;2;10005;29;;;10003.0;0.0
-1;0;KELP;2028;1;2026;2;2025;29;2029;31;;;;;2028.5;0.0
-1;100;KELP;2025;24;;;;;2028;2;2029;22;;;2026.5;-13.42578125
-1;100;RAINFOREST_RESIN;9996;2;9995;22;;;10004;2;10005;22;;;10000.0;3.0
-1;200;RAINFOREST_RESIN;9995;20;;;;;10005;20;;;;;10000.0;3.0
-1;200;KELP;2025;22;;;;;2028;20;;;;;2026.5;-30.28125
-1;300;KELP;2025;31;;;;;2028;2;2029;29;;;2026.5;-50.578125
-1;300;RAINFOREST_RESIN;9996;2;9995;29;;;10004;2;10005;29;;;10000.0;3.0
-1;400;RAINFOREST_RESIN;9996;2;9995;25;;;10004;2;10005;25;;;10000.0;3.0
-1;400;KELP;2025;27;;;;;2028;27;;;;;2026.5;-62.7109375
-1;500;KELP;2025;30;;;;;2028;30;;;;;2026.5;-67.703125
-1;500;RAINFOREST_RESIN;9995;30;;;;;10002;4;10005;30;;;9998.5;3.0
-1;600;RAINFOREST_RESIN;10000;5;9995;25;;;10005;25;;;;;10002.5;3.0
-1;600;KELP;2026;5;2025;31;;;2028;25;;;;;2027.0;-55.8828125
-1;700;KELP;2025;2;2024;23;;;2028;23;;;;;2026.5;-37.953125
-1;700;RAINFOREST_RESIN;9995;23;;;;;10005;23;;;;;10000.0;3.0
-1;800;RAINFOREST_RESIN;9996;1;9995;29;;;10004;1;10005;29;;;10000.0;3.0
-1;800;KELP;2024;1;2023;29;;;2027;30;;;;;2025.5;-5.5078125
-1;900;KELP;2024;23;;;;;2027;23;;;;;2025.5;-30.1875
-1;900;RAINFOREST_RESIN;9996;1;9995;22;;;10004;1;10005;22;;;10000.0;3.0
-1;1000;RAINFOREST_RESIN;9995;26;;;;;10005;26;;;;;10000.0;3.0
-1;1000;KELP;2024;26;;;;;2026;6;2027;26;;;2025.0;-31.984375
-1;1100;KELP;2025;6;2024;26;;;2027;2;2028;24;;;2026.0;-37.546875
-1;1100;RAINFOREST_RESIN;9996;2;9995;24;;;10004;2;10005;24;;;10000.0;3.0
-1;1200;RAINFOREST_RESIN;9995;21;;;;;9998;1;10005;21;;;9996.5;8.0
-1;1200;KELP;2024;21;;;;;2026;8;2028;21;;;2025.0;-43.171875
-1;1300;KELP;2024;31;;;;;2028;31;;;;;2026.0;-43.984375
-1;1300;RAINFOREST_RESIN;10002;1;9996;1;9995;30;10004;1;10005;30;;;10003.0;10.0
-1;1400;RAINFOREST_RESIN;9996;1;9995;25;;;10004;1;10005;25;;;10000.0;12.0
-1;1400;KELP;2025;3;2024;25;;;2028;26;;;;;2026.5;-52.6015625
-1;1500;KELP;2024;27;;;;;2028;27;;;;;2026.0;-55.203125
-1;1500;RAINFOREST_RESIN;9995;27;;;;;10005;27;;;;;10000.0;12.0
-1;1600;RAINFOREST_RESIN;9995;29;;;;;10005;29;;;;;10000.0;12.0
-1;1600;KELP;2024;29;;;;;2026;4;2028;29;;;2025.0;-50.6796875
-1;1700;KELP;2024;22;;;;;2026;8;2028;22;;;2025.0;-46.4375
-1;1700;RAINFOREST_RESIN;9996;2;9995;20;;;10002;1;10004;2;10005;20;9999.0;12.0
-1;1800;RAINFOREST_RESIN;10002;1;9996;1;9995;22;10004;1;10005;22;;;10003.0;12.0
-1;1800;KELP;2024;23;;;;;2028;23;;;;;2026.0;-40.7265625
-1;1900;KELP;2024;29;;;;;2026;5;2027;29;;;2025.0;-25.5703125
-1;1900;RAINFOREST_RESIN;9996;1;9995;28;;;10004;1;10005;28;;;10000.0;14.0
-1;2000;KELP;2024;26;;;;;2027;26;;;;;2025.5;-26.7578125
-1;2000;RAINFOREST_RESIN;9996;2;9995;24;;;9998;1;10004;2;10005;24;9997.0;14.0
-1;2100;RAINFOREST_RESIN;9996;2;9995;25;;;10002;3;10004;2;10005;25;9999.0;16.0
-1;2100;KELP;2024;27;;;;;2027;2;2028;25;;;2025.5;-35.609375
-1;2200;RAINFOREST_RESIN;9998;8;9996;1;9995;24;10004;1;10005;24;;;10001.0;16.0
-1;2200;KELP;2024;25;;;;;2026;7;2027;1;2028;24;2025.0;-38.140625
-1;2300;KELP;2024;32;;;;;2028;32;;;;;2026.0;-45.0390625
-1;2300;RAINFOREST_RESIN;9998;7;9996;2;9995;30;10004;2;10005;30;;;10001.0;16.0
-1;2400;KELP;2024;29;;;;;2025;1;2028;29;;;2024.5;-48.5546875
-1;2400;RAINFOREST_RESIN;9995;29;;;;;10005;29;;;;;10000.0;16.0
-1;2500;RAINFOREST_RESIN;9996;1;9995;22;;;10004;1;10005;22;;;10000.0;16.0
-1;2500;KELP;2025;2;2024;23;;;2027;1;2028;22;;;2026.0;-38.765625
-1;2600;RAINFOREST_RESIN;9995;23;;;;;10005;23;;;;;10000.0;16.0
-1;2600;KELP;2025;3;2024;23;;;2028;23;;;;;2026.5;-38.8984375
-1;2700;KELP;2024;26;;;;;2027;26;;;;;2025.5;-32.390625
-1;2700;RAINFOREST_RESIN;9998;6;9995;26;;;10005;26;;;;;10001.5;16.0
-1;2800;KELP;2023;25;;;;;2027;25;;;;;2025.0;-0.5390625
-1;2800;RAINFOREST_RESIN;9995;25;;;;;10005;25;;;;;10000.0;16.0
-1;2900;RAINFOREST_RESIN;9996;1;9995;25;;;10004;1;10005;25;;;10000.0;16.0
-1;2900;KELP;2023;26;;;;;2027;26;;;;;2025.0;5.546875
-1;3000;RAINFOREST_RESIN;9998;1;9995;26;;;10005;26;;;;;10001.5;21.0
-1;3000;KELP;2024;29;;;;;2027;26;;;;;2025.5;-10.90625
-1;3100;KELP;2023;26;;;;;2025;5;2026;26;;;2024.0;38.671875
-1;3100;RAINFOREST_RESIN;9996;2;9995;24;;;10004;2;10005;24;;;10000.0;22.0
-1;3200;KELP;2023;23;;;;;2025;3;2026;23;;;2024.0;29.8359375
-1;3200;RAINFOREST_RESIN;9996;1;9995;22;;;10004;1;10005;22;;;10000.0;24.0
-1;3300;RAINFOREST_RESIN;9996;2;9995;30;;;10004;2;10005;30;;;10000.0;26.0
-1;3300;KELP;2023;32;;;;;2025;2;2026;32;;;2024.0;22.8046875
-1;3400;RAINFOREST_RESIN;9996;2;9995;24;;;10004;2;10005;24;;;10000.0;26.0
-1;3400;KELP;2023;26;;;;;2026;26;;;;;2024.5;24.1796875
-1;3500;KELP;2023;26;;;;;2026;26;;;;;2024.5;23.34375
-1;3500;RAINFOREST_RESIN;9995;26;;;;;10005;26;;;;;10000.0;26.0
-1;3600;KELP;2023;21;;;;;2026;21;;;;;2024.5;23.515625
-1;3600;RAINFOREST_RESIN;9995;21;;;;;9998;4;10005;21;;;9996.5;26.0
-1;3700;RAINFOREST_RESIN;10002;1;9996;1;9995;23;10004;1;10005;23;;;10003.0;34.0
-1;3700;KELP;2023;27;;;;;2026;24;;;;;2024.5;38.609375
-1;3800;RAINFOREST_RESIN;9996;2;9995;23;;;10002;10;10004;2;10005;23;9999.0;36.0
-1;3800;KELP;2023;25;;;;;2026;25;;;;;2024.5;39.125
-1;3900;KELP;2023;28;;;;;2026;26;;;;;2024.5;34.7890625
-1;3900;RAINFOREST_RESIN;9998;1;9996;1;9995;25;10004;1;10005;25;;;10001.0;37.0
-1;4000;KELP;2023;32;;;;;2026;32;;;;;2024.5;25.0078125
-1;4000;RAINFOREST_RESIN;9996;2;9995;30;;;10004;2;10005;30;;;10000.0;37.0
-1;4100;RAINFOREST_RESIN;9996;2;9995;27;;;10004;2;10005;27;;;10000.0;37.0
-1;4100;KELP;2023;29;;;;;2027;29;;;;;2025.0;6.421875
-1;4200;RAINFOREST_RESIN;9996;2;9995;24;;;10002;4;10004;2;10005;24;9999.0;37.0
-1;4200;KELP;2023;26;;;;;2027;26;;;;;2025.0;7.1796875
-1;4300;KELP;2023;29;;;;;2024;5;2026;22;;;2023.5;26.25
-1;4300;RAINFOREST_RESIN;9995;22;;;;;9998;1;10000;6;10005;22;9996.5;42.0
-1;4400;KELP;2023;30;;;;;2026;30;;;;;2024.5;23.6484375
-1;4400;RAINFOREST_RESIN;9995;30;;;;;10005;30;;;;;10000.0;46.0
-1;4500;RAINFOREST_RESIN;9996;1;9995;28;;;10002;10;10004;1;10005;28;9999.0;46.0
-1;4500;KELP;2023;28;;;;;2026;29;;;;;2024.5;28.2734375
-1;4600;RAINFOREST_RESIN;9996;1;9995;29;;;10002;10;10004;1;10005;29;9999.0;46.0
-1;4600;KELP;2023;30;;;;;2026;30;;;;;2024.5;27.1484375
-1;4700;KELP;2023;25;;;;;2025;3;2026;32;;;2024.0;17.515625
-1;4700;RAINFOREST_RESIN;9996;2;9995;30;;;10004;2;10005;30;;;10000.0;46.0
-1;4800;KELP;2023;24;;;;;2027;24;;;;;2025.0;6.75
-1;4800;RAINFOREST_RESIN;9998;6;9996;2;9995;22;10004;2;10005;22;;;10001.0;46.0
-1;4900;RAINFOREST_RESIN;9995;22;;;;;10002;7;10005;22;;;9998.5;48.0
-1;4900;KELP;2023;22;;;;;2027;22;;;;;2025.0;3.65625
-1;5000;RAINFOREST_RESIN;9998;3;9996;2;9995;28;10004;2;10005;28;;;10001.0;48.0
-1;5000;KELP;2023;30;;;;;2026;30;;;;;2024.5;24.828125
-1;5100;KELP;2023;37;;;;;2026;31;;;;;2024.5;23.7421875
-1;5100;RAINFOREST_RESIN;9996;1;9995;30;;;10004;1;10005;30;;;10000.0;48.0
-1;5200;KELP;2023;35;;;;;2026;27;;;;;2024.5;25.34375
-1;5200;RAINFOREST_RESIN;9998;9;9996;1;9995;26;10004;1;10005;26;;;10001.0;48.0
-1;5300;RAINFOREST_RESIN;9996;1;9995;20;;;10004;1;10005;20;;;10000.0;48.0
-1;5300;KELP;2025;1;2023;21;;;2026;21;;;;;2025.5;23.2578125
-1;5400;RAINFOREST_RESIN;9995;21;;;;;10005;21;;;;;10000.0;48.0
-1;5400;KELP;2023;21;;;;;2025;6;2027;21;;;2024.0;5.9375
-1;5500;KELP;2023;27;;;;;2027;27;;;;;2025.0;0.296875
-1;5500;RAINFOREST_RESIN;9995;27;;;;;10005;27;;;;;10000.0;48.0
-1;5600;KELP;2025;2;2023;28;;;2027;28;;;;;2026.0;-2.125
-1;5600;RAINFOREST_RESIN;9995;28;;;;;10005;28;;;;;10000.0;48.0
-1;5700;RAINFOREST_RESIN;9998;2;9995;27;;;10005;27;;;;;10001.5;48.0
-1;5700;KELP;2024;26;;;;;2027;27;;;;;2025.5;-6.6015625
-1;5800;RAINFOREST_RESIN;9996;1;9995;30;;;10004;1;10005;30;;;10000.0;48.0
-1;5800;KELP;2024;31;;;;;2027;31;;;;;2025.5;-23.3203125
-1;5900;KELP;2024;35;;;;;2027;30;;;;;2025.5;-19.375
-1;5900;RAINFOREST_RESIN;9996;2;9995;28;;;10004;2;10005;28;;;10000.0;48.0
-1;6000;KELP;2024;30;;;;;2027;30;;;;;2025.5;-16.9453125
-1;6000;RAINFOREST_RESIN;9995;30;;;;;10005;30;;;;;10000.0;48.0
-1;6100;RAINFOREST_RESIN;9996;1;9995;24;;;10004;1;10005;24;;;10000.0;48.0
-1;6100;KELP;2024;24;;;;;2027;25;;;;;2025.5;-16.96875
-1;6200;RAINFOREST_RESIN;9996;1;9995;21;;;10004;1;10005;21;;;10000.0;48.0
-1;6200;KELP;2024;22;;;;;2027;22;;;;;2025.5;-19.6171875
-1;6300;KELP;2024;30;;;;;2027;25;;;;;2025.5;-30.796875
-1;6300;RAINFOREST_RESIN;9996;2;9995;23;;;10004;2;10005;23;;;10000.0;48.0
-1;6400;KELP;2024;25;;;;;2027;25;;;;;2025.5;-29.703125
-1;6400;RAINFOREST_RESIN;9996;1;9995;24;;;10004;1;10005;24;;;10000.0;48.0
-1;6500;RAINFOREST_RESIN;9996;1;9995;26;;;9998;1;10004;1;10005;26;9997.0;48.0
-1;6500;KELP;2024;27;;;;;2027;27;;;;;2025.5;-19.0390625
-1;6600;RAINFOREST_RESIN;9996;2;9995;24;;;10004;2;10005;24;;;10000.0;50.0
-1;6600;KELP;2024;26;;;;;2028;26;;;;;2026.0;-44.09375
-1;6700;KELP;2025;7;2024;20;;;2028;20;;;;;2026.5;-51.609375
-1;6700;RAINFOREST_RESIN;9995;20;;;;;10002;3;10005;20;;;9998.5;55.0
-1;6800;KELP;2024;32;;;;;2026;8;2027;2;2028;30;2025.0;-34.4453125
-1;6800;RAINFOREST_RESIN;9996;2;9995;30;;;10004;2;10005;30;;;10000.0;55.0
-1;6900;RAINFOREST_RESIN;9996;1;9995;26;;;10002;5;10004;1;10005;26;9999.0;55.0
-1;6900;KELP;2024;27;;;;;2026;1;2027;27;;;2025.0;-25.78125
-1;7000;RAINFOREST_RESIN;9998;2;9995;27;;;10005;27;;;;;10001.5;55.0
-1;7000;KELP;2026;4;2024;27;;;2027;27;;;;;2026.5;-28.421875
-1;7100;KELP;2024;30;;;;;2027;30;;;;;2025.5;-18.2734375
-1;7100;RAINFOREST_RESIN;9996;1;9995;29;;;10004;1;10005;29;;;10000.0;57.0
-1;7200;KELP;2024;28;;;;;2027;28;;;;;2025.5;-12.796875
-1;7200;RAINFOREST_RESIN;9998;5;9996;1;9995;27;10004;1;10005;27;;;10001.0;57.0
-1;7300;RAINFOREST_RESIN;10002;1;9996;2;9995;29;10004;2;10005;29;;;10003.0;57.0
-1;7300;KELP;2024;35;;;;;2027;31;;;;;2025.5;-12.390625
-1;7400;RAINFOREST_RESIN;9996;1;9995;22;;;10004;1;10005;22;;;10000.0;61.0
-1;7400;KELP;2024;22;;;;;2027;23;;;;;2025.5;-14.84375
-1;7500;KELP;2024;25;;;;;2027;25;;;;;2025.5;-18.9375
-1;7500;RAINFOREST_RESIN;9995;25;;;;;10002;10;10005;25;;;9998.5;61.0
-1;7600;KELP;2024;22;;;;;2027;22;;;;;2025.5;-17.9765625
-1;7600;RAINFOREST_RESIN;9996;2;9995;20;;;10004;2;10005;20;;;10000.0;61.0
-1;7700;RAINFOREST_RESIN;9995;22;;;;;10005;22;;;;;10000.0;61.0
-1;7700;KELP;2024;21;;;;;2027;22;;;;;2025.5;-16.9609375
-1;7800;RAINFOREST_RESIN;9998;3;9996;1;9995;22;10004;1;10005;22;;;10001.0;61.0
-1;7800;KELP;2024;23;;;;;2027;23;;;;;2025.5;-16.0546875
-1;7900;KELP;2024;31;;;;;2027;27;;;;;2025.5;-15.5078125
-1;7900;RAINFOREST_RESIN;9996;1;9995;26;;;10004;1;10005;26;;;10000.0;61.0
-1;8000;KELP;2024;27;;;;;2026;8;2027;27;;;2025.0;-10.21875
-1;8000;RAINFOREST_RESIN;9995;27;;;;;10005;27;;;;;10000.0;61.0
-1;8100;RAINFOREST_RESIN;9996;1;9995;22;;;10004;1;10005;22;;;10000.0;61.0
-1;8100;KELP;2023;23;;;;;2027;23;;;;;2025.0;9.0625
-1;8200;RAINFOREST_RESIN;9995;23;;;;;10005;23;;;;;10000.0;66.0
-1;8200;KELP;2023;23;;;;;2025;1;2026;23;;;2024.0;16.5859375
-1;8300;KELP;2023;30;;;;;2026;30;;;;;2024.5;34.0
-1;8300;RAINFOREST_RESIN;9996;1;9995;29;;;10004;1;10005;29;;;10000.0;66.0
-1;8400;RAINFOREST_RESIN;9995;28;;;;;10005;28;;;;;10000.0;66.0
-1;8400;KELP;2023;28;;;;;2026;28;;;;;2024.5;33.109375
-1;8500;KELP;2023;31;;;;;2026;31;;;;;2024.5;37.0546875
-1;8500;RAINFOREST_RESIN;9998;10;9996;2;9995;29;10004;2;10005;29;;;10001.0;66.0
-1;8600;RAINFOREST_RESIN;9996;1;9995;22;;;10004;1;10005;22;;;10000.0;66.0
-1;8600;KELP;2023;22;;;;;2026;23;;;;;2024.5;28.8984375
-1;8700;KELP;2023;27;;;;;2025;4;2026;27;;;2024.0;20.3125
-1;8700;RAINFOREST_RESIN;9998;10;9995;27;;;10005;27;;;;;10001.5;66.0
-1;8800;RAINFOREST_RESIN;9995;25;;;;;9998;1;10005;25;;;9996.5;66.0
-1;8800;KELP;2024;7;2023;25;;;2027;25;;;;;2025.5;5.453125
-1;8900;KELP;2024;1;2023;26;;;2027;26;;;;;2025.5;8.0546875
-1;8900;RAINFOREST_RESIN;9998;9;9995;26;;;10005;26;;;;;10001.5;68.0
-1;9000;RAINFOREST_RESIN;9996;2;9995;29;;;10004;2;10005;29;;;10000.0;68.0
-1;9000;KELP;2023;31;;;;;2027;31;;;;;2025.0;9.1328125
-1;9100;KELP;2023;29;;;;;2026;2;2027;27;;;2024.5;13.2734375
-1;9100;RAINFOREST_RESIN;9998;3;9996;2;9995;27;10004;2;10005;27;;;10001.0;68.0
-1;9200;RAINFOREST_RESIN;9998;10;9995;27;;;10005;27;;;;;10001.5;68.0
-1;9200;KELP;2023;27;;;;;2025;7;2026;27;;;2024.0;15.921875
-1;9300;KELP;2023;21;;;;;2026;21;;;;;2024.5;25.0
-1;9300;RAINFOREST_RESIN;9996;1;9995;20;;;10004;1;10005;20;;;10000.0;68.0
-1;9400;RAINFOREST_RESIN;9998;2;9996;2;9995;21;10004;2;10005;21;;;10001.0;68.0
-1;9400;KELP;2023;23;;;;;2026;23;;;;;2024.5;29.25
-1;9500;KELP;2023;35;;;;;2026;31;;;;;2024.5;25.7734375
-1;9500;RAINFOREST_RESIN;9996;1;9995;30;;;10004;1;10005;30;;;10000.0;68.0
-1;9600;RAINFOREST_RESIN;9996;1;9995;30;;;10004;1;10005;30;;;10000.0;68.0
-1;9600;KELP;2023;31;;;;;2026;31;;;;;2024.5;33.421875
-1;9700;KELP;2023;22;;;;;2026;22;;;;;2024.5;33.4765625
-1;9700;RAINFOREST_RESIN;9995;22;;;;;10002;1;10005;22;;;9998.5;68.0
-1;9800;RAINFOREST_RESIN;9995;26;;;;;10005;26;;;;;10000.0;68.0
-1;9800;KELP;2023;26;;;;;2026;26;;;;;2024.5;31.0546875
-1;9900;KELP;2025;4;2023;25;;;2026;25;;;;;2025.5;21.4140625
-1;9900;RAINFOREST_RESIN;9995;25;;;;;10005;25;;;;;10000.0;68.0
-1;10000;RAINFOREST_RESIN;9995;28;;;;;10005;28;;;;;10000.0;68.0
-1;10000;KELP;2023;36;;;;;2026;28;;;;;2024.5;22.546875
-1;10100;KELP;2023;25;;;;;2026;25;;;;;2024.5;26.9140625
-1;10100;RAINFOREST_RESIN;9996;1;9995;24;;;10002;3;10004;1;10005;24;9999.0;68.0
-1;10200;RAINFOREST_RESIN;9996;2;9995;26;;;10004;2;10005;26;;;10000.0;68.0
-1;10200;KELP;2022;28;;;;;2026;28;;;;;2024.0;56.0625
-1;10300;KELP;2024;1;2022;35;;;2025;27;;;;;2024.5;85.078125
-1;10300;RAINFOREST_RESIN;9998;4;9995;27;;;10005;27;;;;;10001.5;68.0
-1;10400;RAINFOREST_RESIN;10002;1;9996;1;9995;28;10004;1;10005;28;;;10003.0;68.0
-1;10400;KELP;2023;1;2022;29;;;2026;29;;;;;2024.5;52.671875
-1;10500;KELP;2023;2;2022;29;;;2026;31;;;;;2024.5;48.0
-1;10500;RAINFOREST_RESIN;9998;4;9996;2;9995;29;10004;2;10005;29;;;10001.0;70.0
-1;10600;RAINFOREST_RESIN;9996;2;9995;29;;;10000;4;10004;2;10005;29;9998.0;70.0
-1;10600;KELP;2022;31;;;;;2023;4;2024;4;2025;31;2022.5;76.125
-1;10700;KELP;2022;29;;;;;2025;28;;;;;2023.5;81.921875
-1;10700;RAINFOREST_RESIN;9998;8;9995;28;;;10005;28;;;;;10001.5;70.0
-1;10800;RAINFOREST_RESIN;9998;5;9996;2;9995;22;10004;2;10005;22;;;10001.0;70.0
-1;10800;KELP;2022;27;;;;;2025;24;;;;;2023.5;77.5234375
-1;10900;KELP;2022;35;;;;;2025;28;;;;;2023.5;78.828125
-1;10900;RAINFOREST_RESIN;9996;1;9995;27;;;10004;1;10005;27;;;10000.0;75.0
-1;11000;KELP;2024;7;2022;24;;;2025;24;;;;;2024.5;78.9609375
-1;11000;RAINFOREST_RESIN;9995;24;;;;;10002;7;10005;24;;;9998.5;75.0
-1;11100;RAINFOREST_RESIN;9998;3;9995;21;;;10005;21;;;;;10001.5;75.0
-1;11100;KELP;2022;21;;;;;2025;21;;;;;2023.5;76.03125
-1;11200;RAINFOREST_RESIN;9996;2;9995;21;;;10002;7;10004;2;10005;21;9999.0;80.0
-1;11200;KELP;2022;23;;;;;2025;23;;;;;2023.5;80.046875
-1;11300;KELP;2022;25;;;;;2025;22;;;;;2023.5;76.28125
-1;11300;RAINFOREST_RESIN;9996;1;9995;21;;;10004;1;10005;21;;;10000.0;80.0
-1;11400;KELP;2022;26;;;;;2025;26;;;;;2023.5;70.859375
-1;11400;RAINFOREST_RESIN;9996;1;9995;25;;;10004;1;10005;25;;;10000.0;80.0
-1;11500;RAINFOREST_RESIN;9996;1;9995;25;;;10002;7;10004;1;10005;25;9999.0;82.0
-1;11500;KELP;2022;26;;;;;2024;8;2025;26;;;2023.0;72.9375
-1;11600;RAINFOREST_RESIN;9996;2;9995;27;;;10002;2;10004;2;10005;27;9999.0;82.0
-1;11600;KELP;2022;29;;;;;2026;29;;;;;2024.0;49.4609375
-1;11700;KELP;2022;23;;;;;2023;2;2026;23;;;2022.5;58.75
-1;11700;RAINFOREST_RESIN;9996;2;9995;21;;;10004;2;10005;21;;;10000.0;82.0
-1;11800;KELP;2022;29;;;;;2024;4;2026;29;;;2023.0;45.890625
-1;11800;RAINFOREST_RESIN;9998;10;9995;29;;;10000;5;10005;29;;;9999.0;82.0
-1;11900;RAINFOREST_RESIN;9996;2;9995;30;;;10004;2;10005;30;;;10000.0;82.0
-1;11900;KELP;2023;2;2022;30;;;2024;3;2026;32;;;2023.5;47.9140625
-1;12000;RAINFOREST_RESIN;10002;1;9995;20;;;10005;20;;;;;10003.5;82.0
-1;12000;KELP;2023;20;;;;;2026;20;;;;;2024.5;31.453125
-1;12100;KELP;2023;27;;;;;2025;1;2026;27;;;2024.0;32.0859375
-1;12100;RAINFOREST_RESIN;9996;2;9995;25;;;10004;2;10005;25;;;10000.0;84.0
-1;12200;KELP;2023;34;;;;;2026;30;;;;;2024.5;32.75
-1;12200;RAINFOREST_RESIN;9996;2;9995;28;;;10004;2;10005;28;;;10000.0;84.0
-1;12300;RAINFOREST_RESIN;9998;6;9996;1;9995;28;10004;1;10005;28;;;10001.0;84.0
-1;12300;KELP;2023;29;;;;;2026;29;;;;;2024.5;29.65625
-1;12400;RAINFOREST_RESIN;9995;26;;;;;10005;26;;;;;10000.0;84.0
-1;12400;KELP;2023;30;;;;;2026;26;;;;;2024.5;27.1953125
-1;12500;KELP;2023;19;;;;;2026;20;;;;;2024.5;33.4453125
-1;12500;RAINFOREST_RESIN;9995;20;;;;;10005;20;;;;;10000.0;84.0
-1;12600;KELP;2023;22;;;;;2026;22;;;;;2024.5;39.671875
-1;12600;RAINFOREST_RESIN;9995;22;;;;;10005;22;;;;;10000.0;84.0
-1;12700;RAINFOREST_RESIN;9996;2;9995;20;;;10004;2;10005;20;;;10000.0;84.0
-1;12700;KELP;2023;22;;;;;2026;22;;;;;2024.5;35.015625
-1;12800;RAINFOREST_RESIN;9996;2;9995;20;;;10004;2;10005;20;;;10000.0;84.0
-1;12800;KELP;2023;22;;;;;2026;22;;;;;2024.5;31.5078125
-1;12900;KELP;2023;36;;;;;2026;29;;;;;2024.5;26.984375
-1;12900;RAINFOREST_RESIN;9996;1;9995;28;;;10002;3;10004;1;10005;28;9999.0;84.0
-1;13000;KELP;2025;1;2023;6;2022;20;2026;20;;;;;2025.5;47.7890625
-1;13000;RAINFOREST_RESIN;10002;1;9995;20;;;10005;20;;;;;10003.5;84.0
-1;13100;RAINFOREST_RESIN;9996;1;9995;25;;;10004;1;10005;25;;;10000.0;86.0
-1;13100;KELP;2023;33;;;;;2026;26;;;;;2024.5;40.6875
-1;13200;RAINFOREST_RESIN;9998;2;9995;22;;;10005;22;;;;;10001.5;86.0
-1;13200;KELP;2022;22;;;;;2025;5;2026;22;;;2023.5;44.3359375
-1;13300;KELP;2023;6;2022;24;;;2026;24;;;;;2024.5;45.8828125
-1;13300;RAINFOREST_RESIN;9995;24;;;;;10005;24;;;;;10000.0;86.0
-1;13400;KELP;2023;32;;;;;2026;32;;;;;2024.5;43.9921875
-1;13400;RAINFOREST_RESIN;9996;2;9995;30;;;10004;2;10005;30;;;10000.0;88.0
-1;13500;RAINFOREST_RESIN;9995;30;;;;;10005;30;;;;;10000.0;88.0
-1;13500;KELP;2022;30;;;;;2025;8;2026;30;;;2023.5;44.6015625
-1;13600;RAINFOREST_RESIN;9995;25;;;;;10002;10;10005;25;;;9998.5;88.0
-1;13600;KELP;2023;24;;;;;2025;3;2026;25;;;2024.0;36.9296875
-1;13700;KELP;2023;25;;;;;2026;21;;;;;2024.5;36.765625
-1;13700;RAINFOREST_RESIN;9996;1;9995;20;;;9998;4;10004;1;10005;20;9997.0;88.0
-1;13800;KELP;2023;23;;;;;2026;22;;;;;2024.5;33.71875
-1;13800;RAINFOREST_RESIN;9996;2;9995;20;;;10004;2;10005;20;;;10000.0;96.0
-1;13900;RAINFOREST_RESIN;9996;2;9995;20;;;10000;6;10004;2;10005;20;9998.0;96.0
-1;13900;KELP;2023;22;;;;;2024;6;2025;4;2026;22;2023.5;40.390625
-1;14000;RAINFOREST_RESIN;9998;5;9996;2;9995;27;10004;2;10005;27;;;10001.0;96.0
-1;14000;KELP;2023;3;2022;29;;;2026;29;;;;;2024.5;49.609375
-1;14100;KELP;2023;25;;;;;2025;1;2026;25;;;2024.0;33.140625
-1;14100;RAINFOREST_RESIN;9996;2;9995;23;;;10004;2;10005;23;;;10000.0;96.0
-1;14200;KELP;2023;20;;;;;2026;21;;;;;2024.5;32.1796875
-1;14200;RAINFOREST_RESIN;9995;21;;;;;10005;21;;;;;10000.0;96.0
-1;14300;RAINFOREST_RESIN;9996;2;9995;27;;;10004;2;10005;27;;;10000.0;96.0
-1;14300;KELP;2022;29;;;;;2026;29;;;;;2024.0;54.875
-1;14400;RAINFOREST_RESIN;9996;1;9995;29;;;10004;1;10005;29;;;10000.0;96.0
-1;14400;KELP;2023;30;;;;;2026;30;;;;;2024.5;43.4921875
-1;14500;KELP;2023;24;;;;;2026;24;;;;;2024.5;41.4609375
-1;14500;RAINFOREST_RESIN;9995;24;;;;;10002;1;10005;24;;;9998.5;96.0
-1;14600;KELP;2022;28;;;;;2024;2;2026;28;;;2023.0;51.25
-1;14600;RAINFOREST_RESIN;9996;2;9995;26;;;10000;2;10004;2;10005;26;9998.0;96.0
-1;14700;RAINFOREST_RESIN;9995;30;;;;;10002;7;10005;30;;;9998.5;96.0
-1;14700;KELP;2022;30;;;;;2025;30;;;;;2023.5;70.4609375
-1;14800;RAINFOREST_RESIN;9995;28;;;;;10002;6;10005;28;;;9998.5;96.0
-1;14800;KELP;2022;28;;;;;2025;28;;;;;2023.5;71.0234375
-1;14900;KELP;2023;4;2022;26;;;2025;26;;;;;2024.0;72.4609375
-1;14900;RAINFOREST_RESIN;10000;4;9995;26;;;10005;26;;;;;10002.5;96.0
-1;15000;KELP;2024;8;2022;25;;;2025;25;;;;;2024.5;76.546875
-1;15000;RAINFOREST_RESIN;9998;1;9995;25;;;10005;25;;;;;10001.5;96.0
-1;15100;RAINFOREST_RESIN;9995;22;;;;;10005;22;;;;;10000.0;96.0
-1;15100;KELP;2022;27;;;;;2025;22;;;;;2023.5;85.765625
-1;15200;RAINFOREST_RESIN;9998;6;9995;27;;;10005;27;;;;;10001.5;96.0
-1;15200;KELP;2022;26;;;;;2025;27;;;;;2023.5;86.2890625
-1;15300;KELP;2022;26;;;;;2024;4;2025;26;;;2023.0;88.046875
-1;15300;RAINFOREST_RESIN;9995;26;;;;;10002;1;10005;26;;;9998.5;96.0
-1;15400;KELP;2022;35;;;;;2025;30;;;;;2023.5;91.0390625
-1;15400;RAINFOREST_RESIN;9996;2;9995;28;;;9998;1;10004;2;10005;28;9997.0;99.0
-1;15500;RAINFOREST_RESIN;10002;1;9996;2;9995;29;10004;2;10005;29;;;10003.0;101.0
-1;15500;KELP;2022;31;;;;;2024;8;2025;31;;;2023.0;84.9140625
-1;15600;RAINFOREST_RESIN;9996;2;9995;24;;;10004;2;10005;24;;;10000.0;103.0
-1;15600;KELP;2022;31;;;;;2025;26;;;;;2023.5;79.8359375
-1;15700;KELP;2022;25;;;;;2025;25;;;;;2023.5;71.8828125
-1;15700;RAINFOREST_RESIN;10002;5;9996;1;9995;24;10004;1;10005;24;;;10003.0;105.0
-1;15800;KELP;2025;1;2022;22;;;2026;22;;;;;2025.5;54.5390625
-1;15800;RAINFOREST_RESIN;9998;10;9996;2;9995;20;10004;2;10005;20;;;10001.0;115.0
-1;15900;RAINFOREST_RESIN;9996;2;9995;29;;;10000;6;10004;2;10005;29;9998.0;115.0
-1;15900;KELP;2023;31;;;;;2024;6;2025;2;2026;31;2023.5;39.109375
-1;16000;RAINFOREST_RESIN;9996;2;9995;27;;;10002;6;10004;2;10005;27;9999.0;115.0
-1;16000;KELP;2023;29;;;;;2025;2;2026;29;;;2024.0;41.5859375
-1;16100;KELP;2022;21;;;;;2023;2;2026;21;;;2022.5;63.59375
-1;16100;RAINFOREST_RESIN;9995;21;;;;;10000;2;10002;10;10005;21;9997.5;115.0
-1;16200;KELP;2022;24;;;;;2023;1;2026;24;;;2022.5;57.8046875
-1;16200;RAINFOREST_RESIN;9995;24;;;;;9998;1;10005;24;;;9996.5;115.0
-1;16300;RAINFOREST_RESIN;9996;1;9995;22;;;10004;1;10005;22;;;10000.0;117.0
-1;16300;KELP;2023;2;2022;23;;;2026;23;;;;;2024.5;59.3828125
-1;16400;RAINFOREST_RESIN;9996;2;9995;30;;;10002;3;10004;2;10005;30;9999.0;122.0
-1;16400;KELP;2023;2;2022;30;;;2026;32;;;;;2024.5;49.234375
-1;16500;KELP;2023;2;2022;21;;;2026;23;;;;;2024.5;48.09375
-1;16500;RAINFOREST_RESIN;9996;2;9995;21;;;10002;7;10004;2;10005;21;9999.0;122.0
-1;16600;KELP;2022;30;;;;;2023;1;2026;30;;;2022.5;53.1640625
-1;16600;RAINFOREST_RESIN;9998;4;9996;2;9995;28;10004;2;10005;28;;;10001.0;122.0
-1;16700;RAINFOREST_RESIN;10002;1;9995;26;;;10005;26;;;;;10003.5;122.0
-1;16700;KELP;2025;1;2022;26;;;2026;26;;;;;2025.5;48.9765625
-1;16800;RAINFOREST_RESIN;9995;26;;;;;10005;26;;;;;10000.0;124.0
-1;16800;KELP;2022;26;;;;;2026;26;;;;;2024.0;54.4921875
-1;16900;KELP;2023;1;2022;25;;;2026;26;;;;;2024.5;48.515625
-1;16900;RAINFOREST_RESIN;9996;1;9995;25;;;10004;1;10005;25;;;10000.0;129.0
-1;17000;KELP;2023;29;;;;;2026;29;;;;;2024.5;42.4296875
-1;17000;RAINFOREST_RESIN;9998;9;9995;29;;;10005;29;;;;;10001.5;129.0
-1;17100;KELP;2023;23;;;;;2026;23;;;;;2024.5;37.0703125
-1;17100;RAINFOREST_RESIN;9996;2;9995;21;;;10004;2;10005;21;;;10000.0;129.0
-1;17200;RAINFOREST_RESIN;9998;3;9996;2;9995;22;10004;2;10005;22;;;10001.0;129.0
-1;17200;KELP;2023;24;;;;;2026;24;;;;;2024.5;30.609375
-1;17300;KELP;2023;25;;;;;2025;6;2026;25;;;2024.0;26.46875
-1;17300;RAINFOREST_RESIN;9996;2;9995;23;;;10002;9;10004;2;10005;23;9999.0;129.0
-1;17400;RAINFOREST_RESIN;10000;6;9998;7;9995;28;10005;28;;;;;10002.5;129.0
-1;17400;KELP;2024;6;2023;28;;;2026;28;;;;;2025.0;15.828125
-1;17500;KELP;2023;26;;;;;2027;26;;;;;2025.0;14.0546875
-1;17500;RAINFOREST_RESIN;9995;26;;;;;10005;26;;;;;10000.0;129.0
-1;17600;RAINFOREST_RESIN;9998;6;9995;30;;;10005;30;;;;;10001.5;129.0
-1;17600;KELP;2023;30;;;;;2026;30;;;;;2024.5;19.2421875
-1;17700;KELP;2025;1;2023;29;;;2026;29;;;;;2025.5;22.90625
-1;17700;RAINFOREST_RESIN;9996;2;9995;27;;;10004;2;10005;27;;;10000.0;129.0
-1;17800;RAINFOREST_RESIN;9996;2;9995;24;;;10002;5;10004;2;10005;24;9999.0;129.0
-1;17800;KELP;2023;26;;;;;2026;2;2027;24;;;2024.5;15.6328125
-1;17900;KELP;2023;23;;;;;2027;23;;;;;2025.0;13.578125
-1;17900;RAINFOREST_RESIN;9995;23;;;;;10005;23;;;;;10000.0;129.0
-1;18000;RAINFOREST_RESIN;9996;2;9995;25;;;10004;2;10005;25;;;10000.0;129.0
-1;18000;KELP;2023;27;;;;;2026;27;;;;;2024.5;17.65625
-1;18100;KELP;2023;20;;;;;2027;20;;;;;2025.0;3.734375
-1;18100;RAINFOREST_RESIN;9995;20;;;;;10005;20;;;;;10000.0;129.0
-1;18200;RAINFOREST_RESIN;9996;1;9995;25;;;10004;1;10005;25;;;10000.0;129.0
-1;18200;KELP;2024;21;;;;;2027;26;;;;;2025.5;-11.2734375
-1;18300;KELP;2023;25;;;;;2027;25;;;;;2025.0;-0.5546875
-1;18300;RAINFOREST_RESIN;9996;2;9995;23;;;10004;2;10005;23;;;10000.0;129.0
-1;18400;RAINFOREST_RESIN;9996;2;9995;23;;;10004;2;10005;23;;;10000.0;129.0
-1;18400;KELP;2024;25;;;;;2026;5;2027;25;;;2025.0;-20.1640625
-1;18500;KELP;2024;29;;;;;2025;1;2027;29;;;2024.5;-23.3046875
-1;18500;RAINFOREST_RESIN;9995;29;;;;;10000;2;10005;29;;;9997.5;129.0
-1;18600;RAINFOREST_RESIN;10002;1;9995;20;;;10005;20;;;;;10003.5;129.0
-1;18600;KELP;2024;20;;;;;2026;5;2027;20;;;2025.0;-28.640625
-1;18700;KELP;2024;22;;;;;2027;22;;;;;2025.5;-30.1171875
-1;18700;RAINFOREST_RESIN;9995;22;;;;;10005;22;;;;;10000.0;131.0
-1;18800;RAINFOREST_RESIN;9996;2;9995;26;;;10004;2;10005;26;;;10000.0;131.0
-1;18800;KELP;2024;28;;;;;2027;28;;;;;2025.5;-18.5234375
-1;18900;KELP;2024;22;;;;;2027;22;;;;;2025.5;-23.6328125
-1;18900;RAINFOREST_RESIN;9998;2;9995;22;;;10005;22;;;;;10001.5;131.0
-1;19000;RAINFOREST_RESIN;9996;2;9995;26;;;10004;2;10005;26;;;10000.0;131.0
-1;19000;KELP;2024;18;;;;;2027;28;;;;;2025.5;-24.65625
-1;19100;KELP;2024;28;;;;;2027;28;;;;;2025.5;-26.015625
-1;19100;RAINFOREST_RESIN;9996;2;9995;26;;;10004;2;10005;26;;;10000.0;131.0
-1;19200;RAINFOREST_RESIN;9996;1;9995;20;;;9998;1;10004;1;10005;20;9997.0;131.0
-1;19200;KELP;2024;21;;;;;2027;21;;;;;2025.5;-29.1875
-1;19300;KELP;2024;23;;;;;2027;23;;;;;2025.5;-29.921875
-1;19300;RAINFOREST_RESIN;9996;2;9995;21;;;10004;2;10005;21;;;10000.0;133.0
-1;19400;RAINFOREST_RESIN;9995;26;;;;;10005;26;;;;;10000.0;134.0
-1;19400;KELP;2023;26;;;;;2027;26;;;;;2025.0;-3.75
-1;19500;KELP;2024;23;;;;;2027;23;;;;;2025.5;-18.5234375
-1;19500;RAINFOREST_RESIN;9995;23;;;;;10005;23;;;;;10000.0;134.0
-1;19600;RAINFOREST_RESIN;9996;2;9995;27;;;10004;2;10005;27;;;10000.0;134.0
-1;19600;KELP;2024;2;2023;27;;;2027;29;;;;;2025.5;-4.0234375
-1;19700;KELP;2024;31;;;;;2026;7;2027;32;;;2025.0;-8.65625
-1;19700;RAINFOREST_RESIN;10002;1;9996;2;9995;30;10004;2;10005;30;;;10003.0;134.0
-1;19800;RAINFOREST_RESIN;9996;2;9995;29;;;10004;2;10005;29;;;10000.0;136.0
-1;19800;KELP;2024;31;;;;;2027;31;;;;;2025.5;-14.7265625
-1;19900;KELP;2024;32;;;;;2027;32;;;;;2025.5;-21.234375
-1;19900;RAINFOREST_RESIN;9996;2;9995;30;;;10004;2;10005;30;;;10000.0;136.0
-1;20000;KELP;2024;2;2023;27;;;2027;27;;;;;2025.5;6.75
-1;20000;RAINFOREST_RESIN;9995;27;;;;;10002;4;10005;27;;;9998.5;136.0
-1;20100;RAINFOREST_RESIN;10002;1;9996;1;9995;30;10004;1;10005;30;;;10003.0;136.0
-1;20100;KELP;2023;31;;;;;2025;4;2027;31;;;2024.0;4.046875
-1;20200;RAINFOREST_RESIN;9995;29;;;;;9998;1;10005;29;;;9996.5;138.0
-1;20200;KELP;2023;29;;;;;2027;29;;;;;2025.0;10.484375
-1;20300;KELP;2024;26;;;;;2027;27;;;;;2025.5;-25.0390625
-1;20300;RAINFOREST_RESIN;9995;27;;;;;10005;27;;;;;10000.0;140.0
-1;20400;KELP;2024;30;;;;;2025;4;2027;29;;;2024.5;-10.953125
-1;20400;RAINFOREST_RESIN;9996;1;9995;28;;;10000;4;10004;1;10005;28;9998.0;140.0
-1;20500;RAINFOREST_RESIN;10000;3;9996;2;9995;30;10004;2;10005;30;;;10002.0;140.0
-1;20500;KELP;2025;4;2024;7;2023;30;2027;32;;;;;2026.0;-2.09375
-1;20600;RAINFOREST_RESIN;9996;2;9995;26;;;10004;2;10005;26;;;10000.0;140.0
-1;20600;KELP;2023;28;;;;;2027;28;;;;;2025.0;-0.65625
-1;20700;KELP;2025;6;2023;22;;;2027;22;;;;;2026.0;-2.5
-1;20700;RAINFOREST_RESIN;10002;1;10000;6;9998;4;10005;22;;;;;10003.5;140.0
-1;20800;KELP;2024;2;2023;22;;;2027;24;;;;;2025.5;-3.109375
-1;20800;RAINFOREST_RESIN;9996;2;9995;22;;;10004;2;10005;22;;;10000.0;142.0
-1;20900;RAINFOREST_RESIN;9995;23;;;;;10005;23;;;;;10000.0;142.0
-1;20900;KELP;2026;1;2023;23;;;2027;23;;;;;2026.5;-5.3515625
-1;21000;RAINFOREST_RESIN;9996;2;9995;26;;;10004;2;10005;26;;;10000.0;142.0
-1;21000;KELP;2024;28;;;;;2027;28;;;;;2025.5;-7.75
-1;21100;KELP;2024;2;2023;22;;;2027;24;;;;;2025.5;-3.28125
-1;21100;RAINFOREST_RESIN;9996;2;9995;22;;;10004;2;10005;22;;;10000.0;142.0
-1;21200;KELP;2024;22;;;;;2027;22;;;;;2025.5;-10.453125
-1;21200;RAINFOREST_RESIN;9995;22;;;;;9998;1;10005;22;;;9996.5;142.0
-1;21300;RAINFOREST_RESIN;9996;1;9995;29;;;10002;7;10004;1;10005;29;9999.0;144.0
-1;21300;KELP;2024;1;2023;29;;;2027;30;;;;;2025.5;-4.65625
-1;21400;RAINFOREST_RESIN;9995;28;;;;;10005;28;;;;;10000.0;149.0
-1;21400;KELP;2024;28;;;;;2027;28;;;;;2025.5;-9.8515625
-1;21500;KELP;2026;4;2024;21;;;2027;21;;;;;2026.5;-29.8046875
-1;21500;RAINFOREST_RESIN;9996;1;9995;20;;;10004;1;10005;20;;;10000.0;149.0
-1;21600;KELP;2024;27;;;;;2027;2;2028;25;;;2025.5;-36.0390625
-1;21600;RAINFOREST_RESIN;10002;12;9996;2;9995;25;10004;2;10005;25;;;10003.0;149.0
-1;21700;RAINFOREST_RESIN;9998;8;9996;2;9995;29;10004;2;10005;29;;;10001.0;169.0
-1;21700;KELP;2024;31;;;;;2027;31;;;;;2025.5;-31.5625
-1;21800;RAINFOREST_RESIN;9996;2;9995;22;;;10004;2;10005;22;;;10000.0;169.0
-1;21800;KELP;2024;24;;;;;2028;24;;;;;2026.0;-40.3203125
-1;21900;KELP;2024;22;;;;;2028;22;;;;;2026.0;-42.4140625
-1;21900;RAINFOREST_RESIN;10002;3;9996;1;9995;21;10004;1;10005;21;;;10003.0;169.0
-1;22000;KELP;2024;21;;;;;2028;21;;;;;2026.0;-35.8046875
-1;22000;RAINFOREST_RESIN;9995;21;;;;;10005;21;;;;;10000.0;175.0
-1;22100;RAINFOREST_RESIN;9996;2;9995;22;;;10002;7;10004;2;10005;22;9999.0;175.0
-1;22100;KELP;2024;23;;;;;2027;24;;;;;2025.5;-19.875
-1;22200;RAINFOREST_RESIN;9998;6;9996;1;9995;20;10004;1;10005;20;;;10001.0;175.0
-1;22200;KELP;2024;21;;;;;2027;21;;;;;2025.5;-10.0546875
-1;22300;KELP;2023;29;;;;;2026;1;2027;28;;;2024.5;15.234375
-1;22300;RAINFOREST_RESIN;9996;1;9995;28;;;10004;1;10005;28;;;10000.0;180.0
-1;22400;KELP;2023;29;;;;;2026;29;;;;;2024.5;17.40625
-1;22400;RAINFOREST_RESIN;9996;2;9995;27;;;9998;1;10004;2;10005;27;9997.0;180.0
-1;22500;RAINFOREST_RESIN;9996;2;9995;29;;;10004;2;10005;29;;;10000.0;187.0
-1;22500;KELP;2023;31;;;;;2026;31;;;;;2024.5;28.65625
-1;22600;RAINFOREST_RESIN;10000;6;9998;6;9996;2;10004;2;10005;20;;;10002.0;187.0
-1;22600;KELP;2024;6;2023;26;;;2026;22;;;;;2025.0;32.296875
-1;22700;KELP;2023;25;;;;;2026;26;;;;;2024.5;34.046875
-1;22700;RAINFOREST_RESIN;9996;2;9995;24;;;10004;2;10005;24;;;10000.0;187.0
-1;22800;KELP;2023;27;;;;;2026;28;;;;;2024.5;43.8125
-1;22800;RAINFOREST_RESIN;9996;1;9995;27;;;9998;2;10004;1;10005;27;9997.0;187.0
-1;22900;RAINFOREST_RESIN;9996;2;9995;30;;;10002;8;10004;2;10005;30;9999.0;191.0
-1;22900;KELP;2023;2;2022;30;;;2026;32;;;;;2024.5;46.3828125
-1;23000;RAINFOREST_RESIN;9996;1;9995;21;;;10004;1;10005;21;;;10000.0;191.0
-1;23000;KELP;2022;22;;;;;2026;22;;;;;2024.0;53.1640625
-1;23100;KELP;2023;23;;;;;2026;23;;;;;2024.5;39.859375
-1;23100;RAINFOREST_RESIN;9998;8;9995;23;;;10005;23;;;;;10001.5;191.0
-1;23200;KELP;2023;2;2022;29;;;2024;3;2026;31;;;2023.5;45.5859375
-1;23200;RAINFOREST_RESIN;9998;5;9996;2;9995;29;10004;2;10005;29;;;10001.0;191.0
-1;23300;RAINFOREST_RESIN;9996;1;9995;29;;;10004;1;10005;29;;;10000.0;193.0
-1;23300;KELP;2023;30;;;;;2026;30;;;;;2024.5;36.9765625
-1;23400;RAINFOREST_RESIN;9996;1;9995;29;;;10004;1;10005;29;;;10000.0;193.0
-1;23400;KELP;2023;30;;;;;2026;30;;;;;2024.5;36.4296875
-1;23500;KELP;2023;29;;;;;2025;4;2026;30;;;2024.0;36.875
-1;23500;RAINFOREST_RESIN;9998;8;9996;2;9995;28;10004;2;10005;28;;;10001.0;193.0
-1;23600;KELP;2022;27;;;;;2026;27;;;;;2024.0;45.4765625
-1;23600;RAINFOREST_RESIN;9995;27;;;;;10005;27;;;;;10000.0;193.0
-1;23700;RAINFOREST_RESIN;10002;1;9996;2;9995;21;10004;2;10005;21;;;10003.0;193.0
-1;23700;KELP;2023;2;2022;21;;;2025;7;2026;23;;;2024.0;44.8828125
-1;23800;RAINFOREST_RESIN;9995;30;;;;;10005;30;;;;;10000.0;200.0
-1;23800;KELP;2024;1;2022;30;;;2026;30;;;;;2025.0;61.09375
-1;23900;KELP;2025;1;2023;1;2022;30;2026;30;;;;;2025.5;49.703125
-1;23900;RAINFOREST_RESIN;9995;30;;;;;10005;30;;;;;10000.0;200.0
-1;24000;KELP;2022;29;;;;;2026;29;;;;;2024.0;49.9921875
-1;24000;RAINFOREST_RESIN;9998;9;9995;29;;;10005;29;;;;;10001.5;200.0
-1;24100;RAINFOREST_RESIN;9996;1;9995;25;;;10004;1;10005;25;;;10000.0;200.0
-1;24100;KELP;2023;1;2022;25;;;2025;3;2026;26;;;2024.0;44.53125
-1;24200;RAINFOREST_RESIN;9996;2;9995;28;;;10002;6;10004;2;10005;28;9999.0;205.0
-1;24200;KELP;2023;30;;;;;2026;30;;;;;2024.5;37.0390625
-1;24300;KELP;2023;26;;;;;2026;26;;;;;2024.5;35.859375
-1;24300;RAINFOREST_RESIN;9996;2;9995;24;;;10002;1;10004;2;10005;24;9999.0;205.0
-1;24400;KELP;2025;1;2023;22;;;2026;22;;;;;2025.5;42.09375
-1;24400;RAINFOREST_RESIN;10002;1;9998;4;9996;1;10004;1;10005;21;;;10003.0;205.0
-1;24500;RAINFOREST_RESIN;10002;1;9996;1;9995;25;10004;1;10005;25;;;10003.0;207.0
-1;24500;KELP;2022;26;;;;;2026;26;;;;;2024.0;53.953125
-1;24600;RAINFOREST_RESIN;9995;24;;;;;9998;2;10005;24;;;9996.5;211.0
-1;24600;KELP;2022;24;;;;;2024;2;2026;24;;;2023.0;45.8984375
-1;24700;KELP;2023;25;;;;;2026;25;;;;;2024.5;39.1640625
-1;24700;RAINFOREST_RESIN;9995;25;;;;;10005;25;;;;;10000.0;215.0
-1;24800;KELP;2022;23;;;;;2026;23;;;;;2024.0;52.4375
-1;24800;RAINFOREST_RESIN;9995;23;;;;;10005;23;;;;;10000.0;215.0
-1;24900;RAINFOREST_RESIN;10002;1;9996;1;9995;22;10004;1;10005;22;;;10003.0;215.0
-1;24900;KELP;2024;4;2022;23;;;2026;23;;;;;2025.0;49.484375
-1;25000;RAINFOREST_RESIN;9995;23;;;;;10005;23;;;;;10000.0;217.0
-1;25000;KELP;2023;23;;;;;2026;23;;;;;2024.5;40.3671875
-1;25100;KELP;2022;25;;;;;2024;4;2026;25;;;2023.0;47.5078125
-1;25100;RAINFOREST_RESIN;10002;1;9995;25;;;10005;25;;;;;10003.5;217.0
-1;25200;KELP;2023;1;2022;24;;;2025;3;2026;25;;;2024.0;45.4765625
-1;25200;RAINFOREST_RESIN;9996;1;9995;24;;;9998;5;10004;1;10005;24;9997.0;219.0
-1;25300;RAINFOREST_RESIN;9996;2;9995;22;;;10004;2;10005;22;;;10000.0;229.0
-1;25300;KELP;2023;4;2022;22;;;2026;24;;;;;2024.5;45.5390625
-1;25400;RAINFOREST_RESIN;9996;1;9995;29;;;10004;1;10005;29;;;10000.0;229.0
-1;25400;KELP;2025;8;2023;30;;;2026;30;;;;;2025.5;42.34375
-1;25500;KELP;2022;21;;;;;2025;21;;;;;2023.5;70.6328125
-1;25500;RAINFOREST_RESIN;9996;1;9995;20;;;9998;6;10002;9;10004;1;9997.0;229.0
-1;25600;KELP;2023;31;;;;;2026;23;;;;;2024.5;41.484375
-1;25600;RAINFOREST_RESIN;9996;1;9995;22;;;10002;7;10004;1;10005;22;9999.0;241.0
-1;25700;RAINFOREST_RESIN;9996;2;9995;30;;;10004;2;10005;30;;;10000.0;241.0
-1;25700;KELP;2023;32;;;;;2025;6;2026;32;;;2024.0;34.546875
-1;25800;RAINFOREST_RESIN;10002;4;9995;24;;;10005;24;;;;;10003.5;245.0
-1;25800;KELP;2023;23;;;;;2026;24;;;;;2024.5;26.078125
-1;25900;KELP;2023;25;;;;;2026;25;;;;;2024.5;37.3828125
-1;25900;RAINFOREST_RESIN;9996;2;9995;23;;;10004;2;10005;23;;;10000.0;253.0
-1;26000;RAINFOREST_RESIN;9996;2;9995;27;;;10004;2;10005;27;;;10000.0;253.0
-1;26000;KELP;2023;22;;;;;2026;29;;;;;2024.5;44.0078125
-1;26100;KELP;2023;20;;;;;2026;20;;;;;2024.5;36.359375
-1;26100;RAINFOREST_RESIN;9998;7;9995;20;;;10005;20;;;;;10001.5;253.0
-1;26200;RAINFOREST_RESIN;9996;1;9995;22;;;10004;1;10005;22;;;10000.0;253.0
-1;26200;KELP;2023;23;;;;;2026;23;;;;;2024.5;34.2890625
-1;26300;KELP;2023;30;;;;;2026;30;;;;;2024.5;36.328125
-1;26300;RAINFOREST_RESIN;9996;1;9995;29;;;9998;1;10004;1;10005;29;9997.0;253.0
-1;26400;RAINFOREST_RESIN;9995;22;;;;;10005;22;;;;;10000.0;255.0
-1;26400;KELP;2023;27;;;;;2026;22;;;;;2024.5;40.25
-1;26500;KELP;2023;24;;;;;2026;24;;;;;2024.5;41.1640625
-1;26500;RAINFOREST_RESIN;9996;1;9995;23;;;10004;1;10005;23;;;10000.0;255.0
-1;26600;RAINFOREST_RESIN;9996;2;9995;28;;;9998;1;10004;2;10005;28;9997.0;255.0
-1;26600;KELP;2023;36;;;;;2026;30;;;;;2024.5;37.0078125
-1;26700;KELP;2023;24;;;;;2025;6;2026;24;;;2024.0;37.546875
-1;26700;RAINFOREST_RESIN;9998;2;9996;1;9995;23;10004;1;10005;23;;;10001.0;257.0
-1;26800;RAINFOREST_RESIN;9996;2;9995;28;;;10004;2;10005;28;;;10000.0;257.0
-1;26800;KELP;2025;1;2023;30;;;2026;30;;;;;2025.5;39.09375
-1;26900;KELP;2023;29;;;;;2026;30;;;;;2024.5;40.0390625
-1;26900;RAINFOREST_RESIN;10002;1;9995;30;;;10005;30;;;;;10003.5;257.0
-1;27000;RAINFOREST_RESIN;9995;28;;;;;10002;1;10005;28;;;9998.5;259.0
-1;27000;KELP;2023;30;;;;;2026;28;;;;;2024.5;39.484375
-1;27100;KELP;2023;27;;;;;2026;24;;;;;2024.5;35.015625
-1;27100;RAINFOREST_RESIN;9995;24;;;;;10005;24;;;;;10000.0;259.0
-1;27200;RAINFOREST_RESIN;9998;2;9995;21;;;10005;21;;;;;10001.5;259.0
-1;27200;KELP;2023;21;;;;;2025;2;2026;21;;;2024.0;37.0703125
-1;27300;KELP;2025;1;2023;31;;;2026;31;;;;;2025.5;35.578125
-1;27300;RAINFOREST_RESIN;9996;2;9995;29;;;10004;2;10005;29;;;10000.0;259.0
-1;27400;RAINFOREST_RESIN;9995;21;;;;;10005;21;;;;;10000.0;259.0
-1;27400;KELP;2023;21;;;;;2026;21;;;;;2024.5;23.234375
-1;27500;KELP;2023;23;;;;;2025;6;2026;23;;;2024.0;21.140625
-1;27500;RAINFOREST_RESIN;9996;1;9995;22;;;10004;1;10005;22;;;10000.0;259.0
-1;27600;RAINFOREST_RESIN;9998;5;9995;24;;;10005;24;;;;;10001.5;259.0
-1;27600;KELP;2023;30;;;;;2026;24;;;;;2024.5;27.0
-1;27700;KELP;2023;19;;;;;2026;24;;;;;2024.5;24.8359375
-1;27700;RAINFOREST_RESIN;9995;24;;;;;10005;24;;;;;10000.0;259.0
-1;27800;RAINFOREST_RESIN;9998;9;9996;2;9995;26;10004;2;10005;26;;;10001.0;259.0
-1;27800;KELP;2023;28;;;;;2025;3;2026;28;;;2024.0;18.90625
-1;27900;KELP;2025;1;2023;29;;;2026;29;;;;;2025.5;22.3671875
-1;27900;RAINFOREST_RESIN;9996;2;9995;27;;;10002;4;10004;2;10005;27;9999.0;259.0
-1;28000;RAINFOREST_RESIN;9998;2;9995;28;;;10005;28;;;;;10001.5;259.0
-1;28000;KELP;2023;28;;;;;2026;28;;;;;2024.5;17.8515625
-1;28100;KELP;2023;26;;;;;2026;26;;;;;2024.5;22.046875
-1;28100;RAINFOREST_RESIN;9996;2;9995;24;;;10004;2;10005;24;;;10000.0;259.0
-1;28200;RAINFOREST_RESIN;9996;1;9995;25;;;9998;2;10004;1;10005;25;9997.0;259.0
-1;28200;KELP;2023;26;;;;;2025;5;2026;1;2027;25;2024.0;11.359375
-1;28300;KELP;2023;24;;;;;2024;2;2027;24;;;2023.5;8.328125
-1;28300;RAINFOREST_RESIN;9996;1;9995;23;;;10004;1;10005;23;;;10000.0;263.0
-1;28400;RAINFOREST_RESIN;9996;2;9995;23;;;10004;2;10005;23;;;10000.0;263.0
-1;28400;KELP;2023;24;;;;;2027;25;;;;;2025.0;10.4140625
-1;28500;KELP;2023;23;;;;;2027;23;;;;;2025.0;4.875
-1;28500;RAINFOREST_RESIN;9998;10;9995;23;;;10005;23;;;;;10001.5;263.0
-1;28600;RAINFOREST_RESIN;10002;1;9996;2;9995;21;10004;2;10005;21;;;10003.0;263.0
-1;28600;KELP;2023;23;;;;;2025;8;2027;23;;;2024.0;4.4296875
-1;28700;RAINFOREST_RESIN;9995;30;;;;;10005;30;;;;;10000.0;265.0
-1;28700;KELP;2023;30;;;;;2027;30;;;;;2025.0;1.2578125
-1;28800;RAINFOREST_RESIN;9995;27;;;;;10005;27;;;;;10000.0;265.0
-1;28800;KELP;2024;27;;;;;2027;27;;;;;2025.5;-7.734375
-1;28900;KELP;2024;26;;;;;2027;22;;;;;2025.5;-25.09375
-1;28900;RAINFOREST_RESIN;9998;7;9996;1;9995;21;10004;1;10005;21;;;10001.0;265.0
-1;29000;KELP;2024;23;;;;;2027;24;;;;;2025.5;-13.2109375
-1;29000;RAINFOREST_RESIN;9995;24;;;;;10005;24;;;;;10000.0;265.0
-1;29100;RAINFOREST_RESIN;9996;2;9995;26;;;10004;2;10005;26;;;10000.0;270.0
-1;29100;KELP;2024;31;;;;;2027;28;;;;;2025.5;-18.5234375
-1;29200;RAINFOREST_RESIN;9996;1;9995;30;;;10004;1;10005;30;;;10000.0;270.0
-1;29200;KELP;2026;1;2024;31;;;2027;31;;;;;2026.5;-14.890625
-1;29300;KELP;2024;32;;;;;2026;2;2027;32;;;2025.0;-16.296875
-1;29300;RAINFOREST_RESIN;9996;2;9995;30;;;10002;3;10004;2;10005;30;9999.0;270.0
-1;29400;KELP;2024;25;;;;;2027;26;;;;;2025.5;-17.4453125
-1;29400;RAINFOREST_RESIN;10002;1;9996;1;9995;25;10004;1;10005;25;;;10003.0;270.0
-1;29500;RAINFOREST_RESIN;9996;2;9995;27;;;10004;2;10005;27;;;10000.0;272.0
-1;29500;KELP;2024;31;;;;;2027;29;;;;;2025.5;-18.3515625
-1;29600;RAINFOREST_RESIN;9996;2;9995;28;;;10004;2;10005;28;;;10000.0;272.0
-1;29600;KELP;2024;2;2023;28;;;2025;3;2027;30;;;2024.5;-2.578125
-1;29700;KELP;2024;28;;;;;2027;26;;;;;2025.5;-30.984375
-1;29700;RAINFOREST_RESIN;9996;1;9995;25;;;10002;4;10004;1;10005;25;9999.0;272.0
-1;29800;KELP;2024;31;;;;;2026;1;2027;1;2028;30;2025.0;-35.2421875
-1;29800;RAINFOREST_RESIN;9998;6;9996;1;9995;30;10004;1;10005;30;;;10001.0;272.0
-1;29900;RAINFOREST_RESIN;9995;21;;;;;10005;21;;;;;10000.0;272.0
-1;29900;KELP;2025;8;2024;21;;;2028;21;;;;;2026.5;-38.2890625
-1;30000;RAINFOREST_RESIN;9998;3;9996;1;9995;30;10004;1;10005;30;;;10001.0;272.0
-1;30000;KELP;2024;31;;;;;2028;31;;;;;2026.0;-43.109375
-1;30100;KELP;2024;30;;;;;2027;30;;;;;2025.5;-29.8828125
-1;30100;RAINFOREST_RESIN;9996;2;9995;28;;;10004;2;10005;28;;;10000.0;276.0
-1;30200;KELP;2024;22;;;;;2027;22;;;;;2025.5;-33.71875
-1;30200;RAINFOREST_RESIN;9996;2;9995;20;;;10004;2;10005;20;;;10000.0;276.0
-1;30300;RAINFOREST_RESIN;9996;2;9995;29;;;10002;9;10004;2;10005;29;9999.0;276.0
-1;30300;KELP;2026;1;2024;31;;;2027;31;;;;;2026.5;-27.09375
-1;30400;RAINFOREST_RESIN;10000;5;9996;2;9995;29;10002;8;10004;2;10005;29;10001.0;276.0
-1;30400;KELP;2025;5;2024;31;;;2027;31;;;;;2026.0;-19.5703125
-1;30500;KELP;2024;22;;;;;2027;22;;;;;2025.5;-6.890625
-1;30500;RAINFOREST_RESIN;9998;5;9996;2;9995;20;10004;2;10005;20;;;10001.0;276.0
-1;30600;KELP;2024;1;2023;20;;;2027;22;;;;;2025.5;-3.7734375
-1;30600;RAINFOREST_RESIN;9996;2;9995;20;;;10002;4;10004;2;10005;20;9999.0;276.0
-1;30700;RAINFOREST_RESIN;9995;30;;;;;10005;30;;;;;10000.0;277.0
-1;30700;KELP;2024;30;;;;;2027;30;;;;;2025.5;-6.90625
-1;30800;RAINFOREST_RESIN;9996;1;9995;30;;;10004;1;10005;30;;;10000.0;277.0
-1;30800;KELP;2024;4;2023;30;;;2027;31;;;;;2025.5;-4.8828125
-1;30900;KELP;2023;30;;;;;2025;7;2026;30;;;2024.0;23.90625
-1;30900;RAINFOREST_RESIN;9996;2;9995;28;;;10002;6;10004;2;10005;28;9999.0;277.0
-1;31000;KELP;2024;4;2023;30;;;2026;23;;;;;2025.0;20.25
-1;31000;RAINFOREST_RESIN;10000;4;9996;1;9995;22;10004;1;10005;22;;;10002.0;277.0
-1;31100;RAINFOREST_RESIN;9996;2;9995;27;;;10004;2;10005;27;;;10000.0;277.0
-1;31100;KELP;2023;29;;;;;2026;2;2027;27;;;2024.5;15.1328125
-1;31200;RAINFOREST_RESIN;9996;2;9995;29;;;10002;6;10004;2;10005;29;9999.0;277.0
-1;31200;KELP;2023;31;;;;;2026;31;;;;;2024.5;16.75
-1;31300;KELP;2023;24;;;;;2026;24;;;;;2024.5;18.1484375
-1;31300;RAINFOREST_RESIN;9996;1;9995;23;;;10004;1;10005;23;;;10000.0;277.0
-1;31400;KELP;2023;26;;;;;2026;26;;;;;2024.5;28.296875
-1;31400;RAINFOREST_RESIN;9995;26;;;;;9998;1;10005;26;;;9996.5;277.0
-1;31500;RAINFOREST_RESIN;9995;30;;;;;10005;30;;;;;10000.0;279.0
-1;31500;KELP;2023;35;;;;;2026;30;;;;;2024.5;25.265625
-1;31600;RAINFOREST_RESIN;9995;27;;;;;10005;27;;;;;10000.0;279.0
-1;31600;KELP;2025;1;2023;27;;;2026;27;;;;;2025.5;20.5859375
-1;31700;KELP;2023;24;;;;;2025;3;2026;24;;;2024.0;19.4921875
-1;31700;RAINFOREST_RESIN;9996;2;9995;22;;;10004;2;10005;22;;;10000.0;279.0
-1;31800;KELP;2024;6;2023;26;;;2026;1;2027;25;;;2025.0;11.328125
-1;31800;RAINFOREST_RESIN;10000;6;9996;1;9995;25;10004;1;10005;25;;;10002.0;279.0
-1;31900;RAINFOREST_RESIN;9998;3;9995;28;;;10005;28;;;;;10001.5;279.0
-1;31900;KELP;2024;4;2023;28;;;2027;28;;;;;2025.5;10.6640625
-1;32000;RAINFOREST_RESIN;9996;1;9995;24;;;10004;1;10005;24;;;10000.0;281.0
-1;32000;KELP;2024;2;2023;25;;;2026;1;2027;24;;;2025.0;13.5859375
-1;32100;KELP;2023;29;;;;;2026;29;;;;;2024.5;29.734375
-1;32100;RAINFOREST_RESIN;9996;1;9995;28;;;10004;1;10005;28;;;10000.0;281.0
-1;32200;KELP;2023;28;;;;;2027;28;;;;;2025.0;7.6796875
-1;32200;RAINFOREST_RESIN;9996;1;9995;27;;;10004;1;10005;27;;;10000.0;281.0
-1;32300;RAINFOREST_RESIN;9995;25;;;;;10005;25;;;;;10000.0;281.0
-1;32300;KELP;2023;25;;;;;2026;25;;;;;2024.5;22.0078125
-1;32400;RAINFOREST_RESIN;9996;1;9995;30;;;10004;1;10005;30;;;10000.0;281.0
-1;32400;KELP;2023;30;;;;;2026;1;2027;30;;;2024.5;14.421875
-1;32500;KELP;2023;21;;;;;2025;5;2027;22;;;2024.0;7.9140625
-1;32500;RAINFOREST_RESIN;9998;1;9996;1;9995;21;10004;1;10005;21;;;10001.0;281.0
-1;32600;KELP;2023;30;;;;;2027;30;;;;;2025.0;4.8046875
-1;32600;RAINFOREST_RESIN;10002;1;9995;30;;;10005;30;;;;;10003.5;281.0
-1;32700;RAINFOREST_RESIN;9996;2;9995;22;;;10004;2;10005;22;;;10000.0;285.0
-1;32700;KELP;2023;24;;;;;2026;2;2027;22;;;2024.5;10.875
-1;32800;RAINFOREST_RESIN;9996;2;9995;28;;;10004;2;10005;28;;;10000.0;285.0
-1;32800;KELP;2023;30;;;;;2026;2;2027;28;;;2024.5;11.9921875
-1;32900;KELP;2023;29;;;;;2026;2;2027;27;;;2024.5;15.5234375
-1;32900;RAINFOREST_RESIN;9996;2;9995;27;;;10004;2;10005;27;;;10000.0;290.0
-1;33000;KELP;2025;1;2023;30;;;2026;30;;;;;2025.5;21.0390625
-1;33000;RAINFOREST_RESIN;9996;2;9995;28;;;10004;2;10005;28;;;10000.0;290.0
-1;33100;RAINFOREST_RESIN;9996;1;9995;28;;;10004;1;10005;28;;;10000.0;290.0
-1;33100;KELP;2023;28;;;;;2025;3;2026;29;;;2024.0;20.4609375
-1;33200;RAINFOREST_RESIN;9996;1;9995;20;;;10002;7;10004;1;10005;20;9999.0;290.0
-1;33200;KELP;2023;20;;;;;2024;10;2026;1;2027;20;2023.5;11.421875
-1;33300;KELP;2024;1;2023;20;;;2027;21;;;;;2025.5;-4.5859375
-1;33300;RAINFOREST_RESIN;9996;1;9995;20;;;10004;1;10005;20;;;10000.0;290.0
-1;33400;KELP;2023;32;;;;;2027;32;;;;;2025.0;1.6640625
-1;33400;RAINFOREST_RESIN;9996;2;9995;30;;;10002;3;10004;2;10005;30;9999.0;290.0
-1;33500;RAINFOREST_RESIN;9996;1;9995;20;;;10004;1;10005;20;;;10000.0;290.0
-1;33500;KELP;2023;21;;;;;2026;21;;;;;2024.5;24.265625
-1;33600;RAINFOREST_RESIN;10002;6;9995;27;;;10005;27;;;;;10003.5;291.0
-1;33600;KELP;2023;27;;;;;2026;27;;;;;2024.5;27.5859375
-1;33700;KELP;2023;32;;;;;2026;28;;;;;2024.5;32.6953125
-1;33700;RAINFOREST_RESIN;9996;1;9995;27;;;10002;1;10004;1;10005;27;9999.0;303.0
-1;33800;KELP;2024;3;2023;31;;;2026;26;;;;;2025.0;40.4296875
-1;33800;RAINFOREST_RESIN;9996;1;9995;25;;;10004;1;10005;25;;;10000.0;303.0
-1;33900;RAINFOREST_RESIN;9995;24;;;;;10005;24;;;;;10000.0;303.0
-1;33900;KELP;2023;24;;;;;2026;24;;;;;2024.5;32.6953125
-1;34000;RAINFOREST_RESIN;10002;1;9995;30;;;10005;30;;;;;10003.5;303.0
-1;34000;KELP;2023;29;;;;;2025;8;2026;30;;;2024.0;30.234375
-1;34100;KELP;2023;25;;;;;2026;23;;;;;2024.5;37.140625
-1;34100;RAINFOREST_RESIN;9996;1;9995;22;;;10004;1;10005;22;;;10000.0;305.0
-1;34200;KELP;2022;23;;;;;2024;1;2026;23;;;2023.0;54.4296875
-1;34200;RAINFOREST_RESIN;9995;23;;;;;10005;23;;;;;10000.0;308.0
-1;34300;RAINFOREST_RESIN;10002;1;9996;1;9995;22;10004;1;10005;22;;;10003.0;308.0
-1;34300;KELP;2022;23;;;;;2026;23;;;;;2024.0;60.046875
-1;34400;RAINFOREST_RESIN;9996;2;9995;23;;;10004;2;10005;23;;;10000.0;310.0
-1;34400;KELP;2023;3;2022;25;;;2025;2;2026;23;;;2024.0;61.15625
-1;34500;KELP;2022;30;;;;;2023;5;2024;1;2026;30;2022.5;60.7578125
-1;34500;RAINFOREST_RESIN;9995;30;;;;;10005;30;;;;;10000.0;310.0
-1;34600;KELP;2022;29;;;;;2023;1;2026;29;;;2022.5;51.078125
-1;34600;RAINFOREST_RESIN;9995;29;;;;;10005;29;;;;;10000.0;310.0
-1;34700;RAINFOREST_RESIN;9998;6;9995;24;;;10005;24;;;;;10001.5;310.0
-1;34700;KELP;2023;24;;;;;2026;24;;;;;2024.5;43.8515625
-1;34800;RAINFOREST_RESIN;9996;2;9995;23;;;10004;2;10005;23;;;10000.0;310.0
-1;34800;KELP;2023;2;2022;23;;;2026;25;;;;;2024.5;48.78125
-1;34900;KELP;2023;21;;;;;2026;21;;;;;2024.5;42.6796875
-1;34900;RAINFOREST_RESIN;9996;1;9995;20;;;10004;1;10005;20;;;10000.0;310.0
-1;35000;RAINFOREST_RESIN;10002;1;9995;20;;;10005;20;;;;;10003.5;310.0
-1;35000;KELP;2025;1;2023;20;;;2026;20;;;;;2025.5;15.7578125
-1;35100;KELP;2023;31;;;;;2026;31;;;;;2024.5;30.515625
-1;35100;RAINFOREST_RESIN;10002;3;9996;2;9995;29;10004;2;10005;29;;;10003.0;312.0
-1;35200;RAINFOREST_RESIN;9996;2;9995;28;;;10002;10;10004;2;10005;28;9999.0;318.0
-1;35200;KELP;2023;33;;;;;2026;30;;;;;2024.5;22.015625
-1;35300;KELP;2023;20;;;;;2026;28;;;;;2024.5;38.75
-1;35300;RAINFOREST_RESIN;9998;6;9996;1;9995;27;10004;1;10005;27;;;10001.0;318.0
-1;35400;RAINFOREST_RESIN;10002;3;9995;25;;;10005;25;;;;;10003.5;318.0
-1;35400;KELP;2025;1;2023;27;;;2026;25;;;;;2025.5;40.8125
-1;35500;KELP;2023;28;;;;;2026;28;;;;;2024.5;38.8203125
-1;35500;RAINFOREST_RESIN;9996;2;9995;26;;;10004;2;10005;26;;;10000.0;324.0
-1;35600;RAINFOREST_RESIN;9995;26;;;;;10005;26;;;;;10000.0;324.0
-1;35600;KELP;2023;26;;;;;2026;26;;;;;2024.5;42.4296875
-1;35700;KELP;2023;29;;;;;2026;29;;;;;2024.5;37.328125
-1;35700;RAINFOREST_RESIN;9996;2;9995;27;;;10004;2;10005;27;;;10000.0;324.0
-1;35800;RAINFOREST_RESIN;9998;7;9996;1;9995;30;10004;1;10005;30;;;10001.0;324.0
-1;35800;KELP;2023;29;;;;;2026;31;;;;;2024.5;38.3671875
-1;35900;KELP;2023;2;2022;21;;;2026;23;;;;;2024.5;48.1328125
-1;35900;RAINFOREST_RESIN;9996;2;9995;21;;;10004;2;10005;21;;;10000.0;324.0
-1;36000;RAINFOREST_RESIN;9995;30;;;;;10002;5;10005;30;;;9998.5;324.0
-1;36000;KELP;2022;30;;;;;2024;3;2026;30;;;2023.0;47.921875
-1;36100;KELP;2022;26;;;;;2025;2;2026;24;;;2023.5;61.828125
-1;36100;RAINFOREST_RESIN;10002;8;9996;2;9995;24;10004;2;10005;24;;;10003.0;324.0
-1;36200;RAINFOREST_RESIN;9996;1;9995;29;;;9998;1;10004;1;10005;29;9997.0;340.0
-1;36200;KELP;2022;30;;;;;2025;1;2026;29;;;2023.5;61.390625
-1;36300;KELP;2022;22;;;;;2024;6;2025;22;;;2023.0;66.1171875
-1;36300;RAINFOREST_RESIN;9996;1;9995;21;;;10004;1;10005;21;;;10000.0;342.0
-1;36400;RAINFOREST_RESIN;9998;1;9996;1;9995;20;10004;1;10005;20;;;10001.0;342.0
-1;36400;KELP;2024;1;2023;3;2022;21;2025;1;2026;20;;;2024.5;64.09375
-1;36500;KELP;2022;25;;;;;2023;2;2025;25;;;2022.5;72.7421875
-1;36500;RAINFOREST_RESIN;9995;25;;;;;10005;25;;;;;10000.0;342.0
-1;36600;RAINFOREST_RESIN;9996;1;9995;28;;;10004;1;10005;28;;;10000.0;342.0
-1;36600;KELP;2022;29;;;;;2025;29;;;;;2023.5;67.2890625
-1;36700;KELP;2021;21;;;;;2025;21;;;;;2023.0;111.421875
-1;36700;RAINFOREST_RESIN;9995;21;;;;;10005;21;;;;;10000.0;342.0
-1;36800;RAINFOREST_RESIN;9995;30;;;;;10005;30;;;;;10000.0;342.0
-1;36800;KELP;2021;30;;;;;2025;30;;;;;2023.0;107.609375
-1;36900;KELP;2021;27;;;;;2024;27;;;;;2022.5;139.09375
-1;36900;RAINFOREST_RESIN;9996;1;9995;26;;;10004;1;10005;26;;;10000.0;342.0
-1;37000;RAINFOREST_RESIN;9996;2;9995;23;;;10004;2;10005;23;;;10000.0;342.0
-1;37000;KELP;2020;25;;;;;2024;25;;;;;2022.0;158.1171875
-1;37100;KELP;2021;27;;;;;2024;23;;;;;2022.5;126.28125
-1;37100;RAINFOREST_RESIN;9996;2;9995;21;;;10004;2;10005;21;;;10000.0;342.0
-1;37200;RAINFOREST_RESIN;9996;1;9995;20;;;10004;1;10005;20;;;10000.0;342.0
-1;37200;KELP;2021;25;;;;;2024;21;;;;;2022.5;129.3515625
-1;37300;KELP;2022;4;2021;28;;;2024;1;2025;27;;;2023.0;114.4140625
-1;37300;RAINFOREST_RESIN;9996;1;9995;27;;;9998;10;10002;4;10004;1;9997.0;342.0
-1;37400;RAINFOREST_RESIN;10002;1;9998;2;9995;30;10005;30;;;;;10003.5;362.0
-1;37400;KELP;2021;30;;;;;2024;30;;;;;2022.5;119.3828125
-1;37500;KELP;2020;27;;;;;2024;27;;;;;2022.0;154.9765625
-1;37500;RAINFOREST_RESIN;9996;2;9995;25;;;10004;2;10005;25;;;10000.0;364.0
-1;37600;KELP;2020;22;;;;;2024;22;;;;;2022.0;162.125
-1;37600;RAINFOREST_RESIN;9995;22;;;;;10002;7;10005;22;;;9998.5;365.0
-1;37700;RAINFOREST_RESIN;9996;1;9995;23;;;10004;1;10005;23;;;10000.0;365.0
-1;37700;KELP;2020;24;;;;;2024;24;;;;;2022.0;160.0703125
-1;37800;RAINFOREST_RESIN;9995;25;;;;;10005;25;;;;;10000.0;365.0
-1;37800;KELP;2020;24;;;;;2024;25;;;;;2022.0;165.0
-1;37900;KELP;2019;25;;;;;2023;25;;;;;2021.0;205.2265625
-1;37900;RAINFOREST_RESIN;9995;25;;;;;10005;25;;;;;10000.0;365.0
-1;38000;KELP;2019;32;;;;;2021;4;2023;32;;;2020.0;205.6640625
-1;38000;RAINFOREST_RESIN;10002;1;9996;2;9995;30;10004;2;10005;30;;;10003.0;365.0
-1;38100;RAINFOREST_RESIN;9996;2;9995;26;;;10002;2;10004;2;10005;26;9999.0;367.0
-1;38100;KELP;2019;28;;;;;2022;2;2023;26;;;2020.5;212.9140625
-1;38200;RAINFOREST_RESIN;9996;1;9995;27;;;10004;1;10005;27;;;10000.0;367.0
-1;38200;KELP;2019;28;;;;;2023;28;;;;;2021.0;200.0625
-1;38300;KELP;2019;26;;;;;2022;26;;;;;2020.5;218.046875
-1;38300;RAINFOREST_RESIN;9998;5;9995;26;;;10005;26;;;;;10001.5;367.0
-1;38400;KELP;2019;24;;;;;2020;6;2022;24;;;2019.5;220.1953125
-1;38400;RAINFOREST_RESIN;9996;1;9995;23;;;10000;6;10004;1;10005;23;9998.0;367.0
-1;38500;RAINFOREST_RESIN;10002;1;9995;21;;;10005;21;;;;;10003.5;367.0
-1;38500;KELP;2019;21;;;;;2022;21;;;;;2020.5;227.1015625
-1;38600;RAINFOREST_RESIN;9996;2;9995;28;;;10004;2;10005;28;;;10000.0;369.0
-1;38600;KELP;2019;30;;;;;2022;30;;;;;2020.5;224.4609375
-1;38700;KELP;2019;20;;;;;2022;20;;;;;2020.5;222.2734375
-1;38700;RAINFOREST_RESIN;9995;20;;;;;10005;20;;;;;10000.0;370.0
-1;38800;KELP;2019;21;;;;;2020;2;2021;1;2022;21;2019.5;222.15625
-1;38800;RAINFOREST_RESIN;9996;1;9995;20;;;10002;1;10004;1;10005;20;9999.0;370.0
-1;38900;RAINFOREST_RESIN;9996;2;9995;30;;;10004;2;10005;30;;;10000.0;375.0
-1;38900;KELP;2019;32;;;;;2021;7;2022;2;2023;30;2020.0;215.0859375
-1;39000;RAINFOREST_RESIN;9995;23;;;;;10002;9;10005;23;;;9998.5;375.0
-1;39000;KELP;2019;23;;;;;2023;23;;;;;2021.0;205.2109375
-1;39100;KELP;2020;25;;;;;2023;25;;;;;2021.5;182.3359375
-1;39100;RAINFOREST_RESIN;9998;8;9996;1;9995;24;10004;1;10005;24;;;10001.0;375.0
-1;39200;KELP;2020;30;;;;;2022;2;2023;30;;;2021.0;177.0859375
-1;39200;RAINFOREST_RESIN;9996;1;9995;29;;;10004;1;10005;29;;;10000.0;375.0
-1;39300;RAINFOREST_RESIN;9995;27;;;;;10005;27;;;;;10000.0;375.0
-1;39300;KELP;2020;27;;;;;2023;27;;;;;2021.5;169.5859375
-1;39400;RAINFOREST_RESIN;9996;1;9995;30;;;10004;1;10005;30;;;10000.0;375.0
-1;39400;KELP;2020;31;;;;;2022;5;2023;31;;;2021.0;186.9453125
-1;39500;KELP;2019;27;;;;;2021;3;2022;27;;;2020.0;227.0859375
-1;39500;RAINFOREST_RESIN;9995;27;;;;;9998;1;10002;2;10005;27;9996.5;376.0
-1;39600;KELP;2021;4;2019;23;;;2023;23;;;;;2022.0;210.453125
-1;39600;RAINFOREST_RESIN;9995;23;;;;;10005;23;;;;;10000.0;378.0
-1;39700;RAINFOREST_RESIN;9996;2;9995;22;;;10004;2;10005;22;;;10000.0;378.0
-1;39700;KELP;2019;28;;;;;2022;2;2023;22;;;2020.5;214.7890625
-1;39800;RAINFOREST_RESIN;9996;1;9995;27;;;10004;1;10005;27;;;10000.0;378.0
-1;39800;KELP;2019;28;;;;;2022;1;2023;27;;;2020.5;215.109375
-1;39900;KELP;2019;31;;;;;2022;31;;;;;2020.5;228.75
-1;39900;RAINFOREST_RESIN;9996;1;9995;30;;;10002;4;10004;1;10005;30;9999.0;378.0
-1;40000;KELP;2018;22;;;;;2022;22;;;;;2020.0;245.6328125
-1;40000;RAINFOREST_RESIN;9995;22;;;;;10005;22;;;;;10000.0;378.0
-1;40100;RAINFOREST_RESIN;9996;2;9995;29;;;10002;8;10004;2;10005;29;9999.0;378.0
-1;40100;KELP;2019;31;;;;;2022;31;;;;;2020.5;229.484375
-1;40200;RAINFOREST_RESIN;9996;1;9995;28;;;10004;1;10005;28;;;10000.0;378.0
-1;40200;KELP;2019;1;2018;28;;;2022;29;;;;;2020.5;246.5
-1;40300;KELP;2019;22;;;;;2022;22;;;;;2020.5;239.578125
-1;40300;RAINFOREST_RESIN;9995;22;;;;;9998;1;10005;22;;;9996.5;378.0
-1;40400;KELP;2018;24;;;;;2022;24;;;;;2020.0;251.96875
-1;40400;RAINFOREST_RESIN;9996;1;9995;23;;;10004;1;10005;23;;;10000.0;380.0
-1;40500;RAINFOREST_RESIN;10002;1;9996;2;9995;27;10004;2;10005;27;;;10003.0;380.0
-1;40500;KELP;2019;1;2018;27;;;2022;29;;;;;2020.5;248.34375
-1;40600;RAINFOREST_RESIN;9996;2;9995;24;;;10004;2;10005;24;;;10000.0;382.0
-1;40600;KELP;2019;4;2018;26;;;2022;26;;;;;2020.5;255.125
-1;40700;KELP;2018;22;;;;;2021;22;;;;;2019.5;283.28125
-1;40700;RAINFOREST_RESIN;9998;7;9996;2;9995;20;10004;2;10005;20;;;10001.0;382.0
-1;40800;KELP;2018;27;;;;;2021;27;;;;;2019.5;271.6640625
-1;40800;RAINFOREST_RESIN;9995;27;;;;;10005;27;;;;;10000.0;382.0
-1;40900;RAINFOREST_RESIN;9998;10;9996;2;9995;26;10004;2;10005;26;;;10001.0;382.0
-1;40900;KELP;2017;28;;;;;2021;28;;;;;2019.0;301.25
-1;41000;RAINFOREST_RESIN;9995;21;;;;;10002;10;10005;21;;;9998.5;387.0
-1;41000;KELP;2018;20;;;;;2020;3;2021;21;;;2019.0;275.1796875
-1;41100;KELP;2018;24;;;;;2021;27;;;;;2019.5;277.5703125
-1;41100;RAINFOREST_RESIN;9995;27;;;;;10005;27;;;;;10000.0;387.0
-1;41200;KELP;2018;29;;;;;2021;29;;;;;2019.5;278.296875
-1;41200;RAINFOREST_RESIN;9995;29;;;;;10005;29;;;;;10000.0;387.0
-1;41300;RAINFOREST_RESIN;9998;2;9996;1;9995;24;10004;1;10005;24;;;10001.0;387.0
-1;41300;KELP;2017;25;;;;;2019;4;2021;25;;;2018.0;304.734375
-1;41400;RAINFOREST_RESIN;9998;5;9996;2;9995;23;10000;4;10004;2;10005;23;9999.0;387.0
-1;41400;KELP;2017;25;;;;;2018;4;2019;5;2020;25;2017.5;339.6328125
-1;41500;KELP;2017;22;;;;;2019;1;2021;22;;;2018.0;308.71875
-1;41500;RAINFOREST_RESIN;9998;8;9996;2;9995;20;10004;2;10005;20;;;10001.0;387.0
-1;41600;KELP;2017;23;;;;;2019;7;2020;1;2021;22;2018.0;312.25
-1;41600;RAINFOREST_RESIN;9996;1;9995;22;;;10004;1;10005;22;;;10000.0;387.0
-1;41700;RAINFOREST_RESIN;10000;5;9995;21;;;10005;21;;;;;10002.5;387.0
-1;41700;KELP;2019;4;2017;21;;;2021;21;;;;;2020.0;302.9609375
-1;41800;RAINFOREST_RESIN;9996;2;9995;22;;;10004;2;10005;22;;;10000.0;387.0
-1;41800;KELP;2018;24;;;;;2021;24;;;;;2019.5;282.078125
-1;41900;KELP;2018;22;;;;;2020;1;2021;22;;;2019.0;279.5546875
-1;41900;RAINFOREST_RESIN;9996;1;9995;21;;;9998;4;10004;1;10005;21;9997.0;387.0
-1;42000;KELP;2018;31;;;;;2020;5;2021;32;;;2019.0;270.390625
-1;42000;RAINFOREST_RESIN;9996;2;9995;30;;;10004;2;10005;30;;;10000.0;395.0
-1;42100;RAINFOREST_RESIN;9998;8;9996;2;9995;21;10004;2;10005;21;;;10001.0;395.0
-1;42100;KELP;2018;23;;;;;2021;2;2022;21;;;2019.5;263.9453125
-1;42200;RAINFOREST_RESIN;10002;1;9995;28;;;10005;28;;;;;10003.5;395.0
-1;42200;KELP;2018;28;;;;;2022;28;;;;;2020.0;261.6640625
-1;42300;KELP;2018;20;;;;;2019;7;2020;2;2022;20;2018.5;259.1640625
-1;42300;RAINFOREST_RESIN;9995;20;;;;;10005;20;;;;;10000.0;397.0
-1;42400;KELP;2019;30;;;;;2022;31;;;;;2020.5;241.484375
-1;42400;RAINFOREST_RESIN;9996;2;9995;29;;;10004;2;10005;29;;;10000.0;397.0
-1;42500;RAINFOREST_RESIN;9995;24;;;;;10002;3;10005;24;;;9998.5;397.0
-1;42500;KELP;2019;24;;;;;2022;24;;;;;2020.5;242.8671875
-1;42600;RAINFOREST_RESIN;9995;26;;;;;10005;26;;;;;10000.0;402.0
-1;42600;KELP;2019;26;;;;;2022;26;;;;;2020.5;237.921875
-1;42700;KELP;2018;26;;;;;2022;26;;;;;2020.0;254.203125
-1;42700;RAINFOREST_RESIN;9995;26;;;;;10005;26;;;;;10000.0;404.0
-1;42800;KELP;2019;30;;;;;2022;30;;;;;2020.5;242.0234375
-1;42800;RAINFOREST_RESIN;9995;30;;;;;10005;30;;;;;10000.0;404.0
-1;42900;RAINFOREST_RESIN;9995;25;;;;;10005;25;;;;;10000.0;404.0
-1;42900;KELP;2019;25;;;;;2022;25;;;;;2020.5;230.5
-1;43000;RAINFOREST_RESIN;9995;23;;;;;10005;23;;;;;10000.0;406.0
-1;43000;KELP;2020;2;2019;23;;;2023;23;;;;;2021.5;206.15625
-1;43100;KELP;2020;21;;;;;2023;21;;;;;2021.5;188.265625
-1;43100;RAINFOREST_RESIN;9995;21;;;;;10005;21;;;;;10000.0;406.0
-1;43200;KELP;2019;21;;;;;2023;21;;;;;2021.0;200.75
-1;43200;RAINFOREST_RESIN;9996;1;9995;20;;;10004;1;10005;20;;;10000.0;406.0
-1;43300;RAINFOREST_RESIN;9996;1;9995;24;;;10004;1;10005;24;;;10000.0;406.0
-1;43300;KELP;2019;25;;;;;2021;2;2023;25;;;2020.0;201.03125
-1;43400;RAINFOREST_RESIN;9996;2;9995;22;;;10004;2;10005;22;;;10000.0;406.0
-1;43400;KELP;2021;4;2020;24;;;2023;24;;;;;2022.0;193.90625
-1;43500;KELP;2020;22;;;;;2022;7;2023;23;;;2021.0;190.34375
-1;43500;RAINFOREST_RESIN;9998;7;9995;23;;;10005;23;;;;;10001.5;406.0
-1;43600;KELP;2020;5;2019;21;;;2023;23;;;;;2021.5;196.65625
-1;43600;RAINFOREST_RESIN;9996;2;9995;21;;;10002;9;10004;2;10005;21;9999.0;406.0
-1;43700;KELP;2020;24;;;;;2023;24;;;;;2021.5;192.0234375
-1;43700;RAINFOREST_RESIN;9996;1;9995;23;;;10004;1;10005;23;;;10000.0;406.0
-1;43800;RAINFOREST_RESIN;9996;2;9995;26;;;10004;2;10005;26;;;10000.0;406.0
-1;43800;KELP;2020;35;;;;;2023;28;;;;;2021.5;184.4453125
-1;43900;KELP;2020;36;;;;;2023;30;;;;;2021.5;193.6015625
-1;43900;RAINFOREST_RESIN;10002;4;9998;2;9996;1;10004;1;10005;29;;;10003.0;406.0
-1;44000;RAINFOREST_RESIN;9996;2;9995;20;;;10004;2;10005;20;;;10000.0;414.0
-1;44000;KELP;2020;22;;;;;2022;3;2023;22;;;2021.0;183.75
-1;44100;KELP;2019;24;;;;;2023;24;;;;;2021.0;208.3046875
-1;44100;RAINFOREST_RESIN;9995;24;;;;;9998;1;10002;2;10005;24;9996.5;414.0
-1;44200;RAINFOREST_RESIN;9995;21;;;;;10005;21;;;;;10000.0;416.0
-1;44200;KELP;2019;21;;;;;2023;21;;;;;2021.0;210.703125
-1;44300;KELP;2019;27;;;;;2023;27;;;;;2021.0;207.2578125
-1;44300;RAINFOREST_RESIN;9995;27;;;;;10005;27;;;;;10000.0;416.0
-1;44400;RAINFOREST_RESIN;9998;7;9995;28;;;10005;28;;;;;10001.5;416.0
-1;44400;KELP;2018;28;;;;;2022;28;;;;;2020.0;248.234375
-1;44500;KELP;2021;1;2019;2;2018;21;2022;21;;;;;2021.5;246.109375
-1;44500;RAINFOREST_RESIN;9995;21;;;;;10005;21;;;;;10000.0;416.0
-1;44600;RAINFOREST_RESIN;9996;1;9995;23;;;10004;1;10005;23;;;10000.0;416.0
-1;44600;KELP;2019;24;;;;;2022;24;;;;;2020.5;237.0859375
-1;44700;KELP;2019;29;;;;;2022;29;;;;;2020.5;239.4140625
-1;44700;RAINFOREST_RESIN;9995;29;;;;;10002;10;10005;29;;;9998.5;416.0
-1;44800;RAINFOREST_RESIN;9995;29;;;;;9998;1;10002;10;10005;29;9996.5;416.0
-1;44800;KELP;2018;29;;;;;2022;29;;;;;2020.0;249.4609375
-1;44900;KELP;2019;1;2018;26;;;2022;26;;;;;2020.5;253.1328125
-1;44900;RAINFOREST_RESIN;9996;1;9995;25;;;10004;1;10005;25;;;10000.0;418.0
-1;45000;RAINFOREST_RESIN;10002;1;9996;2;9995;24;10004;2;10005;24;;;10003.0;418.0
-1;45000;KELP;2018;26;;;;;2022;26;;;;;2020.0;252.1484375
-1;45100;KELP;2019;27;;;;;2021;5;2022;27;;;2020.0;241.2890625
-1;45100;RAINFOREST_RESIN;9996;1;9995;26;;;10004;1;10005;26;;;10000.0;420.0
-1;45200;RAINFOREST_RESIN;9996;1;9995;28;;;10004;1;10005;28;;;10000.0;420.0
-1;45200;KELP;2019;29;;;;;2021;6;2022;29;;;2020.0;243.5390625
-1;45300;KELP;2018;26;;;;;2021;22;;;;;2019.5;268.6328125
-1;45300;RAINFOREST_RESIN;9995;22;;;;;10005;22;;;;;10000.0;420.0
-1;45400;RAINFOREST_RESIN;9996;2;9995;21;;;9998;1;10004;2;10005;21;9997.0;420.0
-1;45400;KELP;2018;22;;;;;2020;2;2021;23;;;2019.0;283.6875
-1;45500;KELP;2018;25;;;;;2019;3;2021;25;;;2018.5;279.3515625
-1;45500;RAINFOREST_RESIN;9996;1;9995;24;;;10000;3;10004;1;10005;24;9998.0;422.0
-1;45600;RAINFOREST_RESIN;9995;26;;;;;10002;5;10005;26;;;9998.5;422.0
-1;45600;KELP;2018;33;;;;;2021;26;;;;;2019.5;274.4375
-1;45700;KELP;2018;24;;;;;2021;24;;;;;2019.5;273.765625
-1;45700;RAINFOREST_RESIN;9995;24;;;;;10005;24;;;;;10000.0;422.0
-1;45800;RAINFOREST_RESIN;9996;1;9995;27;;;10004;1;10005;27;;;10000.0;422.0
-1;45800;KELP;2018;27;;;;;2021;28;;;;;2019.5;270.5546875
-1;45900;KELP;2019;4;2018;31;;;2022;31;;;;;2020.5;256.8203125
-1;45900;RAINFOREST_RESIN;9996;1;9995;30;;;10004;1;10005;30;;;10000.0;422.0
-1;46000;RAINFOREST_RESIN;9996;2;9995;24;;;10004;2;10005;24;;;10000.0;424.0
-1;46000;KELP;2019;2;2018;24;;;2022;26;;;;;2020.5;244.9453125
-1;46100;KELP;2019;25;;;;;2022;25;;;;;2020.5;240.78125
-1;46100;RAINFOREST_RESIN;9998;6;9996;2;9995;23;10004;2;10005;23;;;10001.0;424.0
-1;46200;RAINFOREST_RESIN;9998;2;9996;1;9995;27;10004;1;10005;27;;;10001.0;424.0
-1;46200;KELP;2018;28;;;;;2021;1;2022;27;;;2019.5;262.0234375
-1;46300;KELP;2018;29;;;;;2021;29;;;;;2019.5;274.1015625
-1;46300;RAINFOREST_RESIN;9996;2;9995;27;;;10004;2;10005;27;;;10000.0;424.0
-1;46400;RAINFOREST_RESIN;9995;22;;;;;10005;22;;;;;10000.0;424.0
-1;46400;KELP;2018;22;;;;;2022;22;;;;;2020.0;263.25
-1;46500;KELP;2019;6;2018;31;;;2021;31;;;;;2020.0;266.1015625
-1;46500;RAINFOREST_RESIN;10000;6;9996;1;9995;30;10004;1;10005;30;;;10002.0;424.0
-1;46600;KELP;2019;3;2018;28;;;2021;1;2022;27;;;2020.0;261.6484375
-1;46600;RAINFOREST_RESIN;9998;10;9996;1;9995;27;10004;1;10005;27;;;10001.0;424.0
-1;46700;RAINFOREST_RESIN;9995;26;;;;;10005;26;;;;;10000.0;426.0
-1;46700;KELP;2019;26;;;;;2022;26;;;;;2020.5;242.6875
-1;46800;RAINFOREST_RESIN;9996;1;9995;21;;;10004;1;10005;21;;;10000.0;426.0
-1;46800;KELP;2019;22;;;;;2022;22;;;;;2020.5;230.2890625
-1;46900;KELP;2021;1;2019;32;;;2022;32;;;;;2021.5;241.375
-1;46900;RAINFOREST_RESIN;9996;2;9995;30;;;10004;2;10005;30;;;10000.0;426.0
-1;47000;KELP;2019;21;;;;;2022;21;;;;;2020.5;237.671875
-1;47000;RAINFOREST_RESIN;9996;1;9995;20;;;10004;1;10005;20;;;10000.0;426.0
-1;47100;RAINFOREST_RESIN;9996;2;9995;24;;;9998;1;10004;2;10005;24;9997.0;426.0
-1;47100;KELP;2019;22;;;;;2022;26;;;;;2020.5;241.328125
-1;47200;RAINFOREST_RESIN;10002;1;9996;2;9995;28;10004;2;10005;28;;;10003.0;428.0
-1;47200;KELP;2019;30;;;;;2022;30;;;;;2020.5;239.9453125
-1;47300;KELP;2019;25;;;;;2021;1;2022;25;;;2020.0;235.953125
-1;47300;RAINFOREST_RESIN;10002;1;9998;3;9995;25;10005;25;;;;;10003.5;430.0
-1;47400;KELP;2019;25;;;;;2022;24;;;;;2020.5;226.1953125
-1;47400;RAINFOREST_RESIN;9995;24;;;;;10002;9;10005;24;;;9998.5;432.0
-1;47500;RAINFOREST_RESIN;9995;30;;;;;10002;1;10005;30;;;9998.5;432.0
-1;47500;KELP;2019;30;;;;;2021;6;2022;30;;;2020.0;227.3125
-1;47600;RAINFOREST_RESIN;9996;1;9995;27;;;10004;1;10005;27;;;10000.0;432.0
-1;47600;KELP;2019;28;;;;;2022;28;;;;;2020.5;218.6640625
-1;47700;KELP;2019;23;;;;;2022;23;;;;;2020.5;216.671875
-1;47700;RAINFOREST_RESIN;9996;1;9995;22;;;10002;8;10004;1;10005;22;9999.0;432.0
-1;47800;KELP;2019;23;;;;;2022;1;2023;22;;;2020.5;214.09375
-1;47800;RAINFOREST_RESIN;9996;1;9995;22;;;10002;8;10004;1;10005;22;9999.0;432.0
-1;47900;RAINFOREST_RESIN;10002;1;9995;27;;;10005;27;;;;;10003.5;432.0
-1;47900;KELP;2019;27;;;;;2023;27;;;;;2021.0;213.234375
-1;48000;RAINFOREST_RESIN;9995;27;;;;;10005;27;;;;;10000.0;434.0
-1;48000;KELP;2019;27;;;;;2023;27;;;;;2021.0;214.1796875
-1;48100;KELP;2019;22;;;;;2022;21;;;;;2020.5;223.1953125
-1;48100;RAINFOREST_RESIN;9995;21;;;;;10002;9;10005;21;;;9998.5;434.0
-1;48200;KELP;2019;25;;;;;2022;25;;;;;2020.5;225.9609375
-1;48200;RAINFOREST_RESIN;9998;5;9995;25;;;10005;25;;;;;10001.5;436.0
-1;48300;RAINFOREST_RESIN;9996;1;9995;28;;;9998;1;10000;5;10004;1;9997.0;436.0
-1;48300;KELP;2018;29;;;;;2019;5;2022;29;;;2018.5;259.390625
-1;48400;RAINFOREST_RESIN;9995;27;;;;;10002;7;10005;27;;;9998.5;438.0
-1;48400;KELP;2019;1;2018;27;;;2022;27;;;;;2020.5;252.6796875
-1;48500;KELP;2019;1;2018;29;;;2022;29;;;;;2020.5;255.296875
-1;48500;RAINFOREST_RESIN;9995;29;;;;;9998;1;10005;29;;;9996.5;438.0
-1;48600;KELP;2019;1;2018;29;;;2022;29;;;;;2020.5;254.40625
-1;48600;RAINFOREST_RESIN;9996;1;9995;28;;;10004;1;10005;28;;;10000.0;440.0
-1;48700;RAINFOREST_RESIN;9996;1;9995;22;;;10004;1;10005;22;;;10000.0;441.0
-1;48700;KELP;2018;23;;;;;2022;23;;;;;2020.0;257.609375
-1;48800;RAINFOREST_RESIN;9996;1;9995;23;;;10004;1;10005;23;;;10000.0;441.0
-1;48800;KELP;2019;29;;;;;2022;24;;;;;2020.5;242.8828125
-1;48900;KELP;2019;34;;;;;2022;27;;;;;2020.5;237.203125
-1;48900;RAINFOREST_RESIN;9995;27;;;;;10005;27;;;;;10000.0;441.0
-1;49000;KELP;2019;39;;;;;2022;32;;;;;2020.5;241.734375
-1;49000;RAINFOREST_RESIN;9996;2;9995;30;;;10004;2;10005;30;;;10000.0;441.0
-1;49100;RAINFOREST_RESIN;9996;2;9995;30;;;10004;2;10005;30;;;10000.0;441.0
-1;49100;KELP;2019;40;;;;;2022;32;;;;;2020.5;227.84375
-1;49200;RAINFOREST_RESIN;9996;1;9995;20;;;10004;1;10005;20;;;10000.0;441.0
-1;49200;KELP;2019;21;;;;;2022;21;;;;;2020.5;238.984375
-1;49300;KELP;2019;21;;;;;2022;22;;;;;2020.5;232.78125
-1;49300;RAINFOREST_RESIN;9998;9;9996;1;9995;21;10004;1;10005;21;;;10001.0;441.0
-1;49400;KELP;2021;9;2020;5;2019;20;2022;20;;;;;2021.5;239.578125
-1;49400;RAINFOREST_RESIN;9995;20;;;;;10005;20;;;;;10000.0;441.0
-1;49500;RAINFOREST_RESIN;9996;2;9995;30;;;10004;2;10005;30;;;10000.0;441.0
-1;49500;KELP;2019;40;;;;;2022;32;;;;;2020.5;230.3984375
-1;49600;RAINFOREST_RESIN;9995;24;;;;;10005;24;;;;;10000.0;441.0
-1;49600;KELP;2021;1;2019;24;;;2022;24;;;;;2021.5;222.15625
-1;49700;KELP;2019;28;;;;;2022;28;;;;;2020.5;224.609375
-1;49700;RAINFOREST_RESIN;9998;7;9996;2;9995;26;10004;2;10005;26;;;10001.0;441.0
-1;49800;KELP;2019;25;;;;;2020;5;2023;25;;;2019.5;201.5625
-1;49800;RAINFOREST_RESIN;9996;2;9995;23;;;10004;2;10005;23;;;10000.0;441.0
-1;49900;RAINFOREST_RESIN;9998;3;9995;23;;;10005;23;;;;;10001.5;441.0
-1;49900;KELP;2019;23;;;;;2023;23;;;;;2021.0;207.1171875
-1;50000;RAINFOREST_RESIN;9996;1;9995;20;;;10004;1;10005;20;;;10000.0;443.0
-1;50000;KELP;2019;21;;;;;2022;1;2023;20;;;2020.5;212.453125
-1;50100;KELP;2019;24;;;;;2021;2;2022;24;;;2020.0;218.8984375
-1;50100;RAINFOREST_RESIN;9995;24;;;;;10005;24;;;;;10000.0;443.0
-1;50200;KELP;2019;24;;;;;2023;24;;;;;2021.0;203.75
-1;50200;RAINFOREST_RESIN;9995;24;;;;;10005;24;;;;;10000.0;443.0
-1;50300;RAINFOREST_RESIN;9995;30;;;;;10002;10;10005;30;;;9998.5;443.0
-1;50300;KELP;2019;30;;;;;2023;30;;;;;2021.0;199.1015625
-1;50400;RAINFOREST_RESIN;9998;4;9996;1;9995;22;10000;2;10004;1;10005;22;9999.0;443.0
-1;50400;KELP;2019;23;;;;;2021;3;2023;23;;;2020.0;200.046875
-1;50500;KELP;2019;25;;;;;2023;25;;;;;2021.0;201.7578125
-1;50500;RAINFOREST_RESIN;9996;2;9995;23;;;10004;2;10005;23;;;10000.0;443.0
-1;50600;KELP;2019;21;;;;;2020;6;2023;23;;;2019.5;197.8828125
-1;50600;RAINFOREST_RESIN;10002;1;9996;2;9995;21;10004;2;10005;21;;;10003.0;443.0
-1;50700;RAINFOREST_RESIN;9996;2;9995;22;;;10004;2;10005;22;;;10000.0;446.0
-1;50700;KELP;2020;24;;;;;2023;24;;;;;2021.5;194.21875
-1;50800;RAINFOREST_RESIN;10002;5;9996;2;9995;22;10004;2;10005;22;;;10003.0;446.0
-1;50800;KELP;2022;1;2020;24;;;2023;24;;;;;2022.5;187.21875
-1;50900;KELP;2020;28;;;;;2022;4;2023;28;;;2021.0;184.0625
-1;50900;RAINFOREST_RESIN;9996;1;9995;27;;;10004;1;10005;27;;;10000.0;456.0
-1;51000;KELP;2020;28;;;;;2023;28;;;;;2021.5;188.5390625
-1;51000;RAINFOREST_RESIN;9996;2;9995;26;;;10004;2;10005;26;;;10000.0;456.0
-1;51100;RAINFOREST_RESIN;9998;6;9996;1;9995;25;10004;1;10005;25;;;10001.0;456.0
-1;51100;KELP;2020;26;;;;;2023;26;;;;;2021.5;178.9609375
-1;51200;RAINFOREST_RESIN;9996;2;9995;28;;;10004;2;10005;28;;;10000.0;456.0
-1;51200;KELP;2020;30;;;;;2023;30;;;;;2021.5;185.109375
-1;51300;KELP;2020;25;;;;;2023;25;;;;;2021.5;167.65625
-1;51300;RAINFOREST_RESIN;9996;1;9995;24;;;10004;1;10005;24;;;10000.0;456.0
-1;51400;KELP;2020;30;;;;;2023;30;;;;;2021.5;177.734375
-1;51400;RAINFOREST_RESIN;9995;30;;;;;10002;3;10005;30;;;9998.5;456.0
-1;51500;RAINFOREST_RESIN;9995;30;;;;;10005;30;;;;;10000.0;456.0
-1;51500;KELP;2022;1;2020;30;;;2023;30;;;;;2022.5;178.890625
-1;51600;RAINFOREST_RESIN;10000;5;9996;2;9995;22;10002;1;10004;2;10005;22;10001.0;456.0
-1;51600;KELP;2021;5;2020;24;;;2023;24;;;;;2022.0;176.4296875
-1;51700;KELP;2020;16;;;;;2023;20;;;;;2021.5;184.0625
-1;51700;RAINFOREST_RESIN;9995;20;;;;;10005;20;;;;;10000.0;458.0
-1;51800;KELP;2020;1;2019;24;;;2023;25;;;;;2021.5;194.75
-1;51800;RAINFOREST_RESIN;9996;1;9995;24;;;10004;1;10005;24;;;10000.0;463.0
-1;51900;RAINFOREST_RESIN;9996;1;9995;23;;;10004;1;10005;23;;;10000.0;463.0
-1;51900;KELP;2021;4;2019;24;;;2023;24;;;;;2022.0;204.3984375
-1;52000;RAINFOREST_RESIN;9998;3;9995;29;;;10005;29;;;;;10001.5;468.0
-1;52000;KELP;2019;29;;;;;2021;6;2023;29;;;2020.0;198.859375
-1;52100;KELP;2019;21;;;;;2023;21;;;;;2021.0;197.84375
-1;52100;RAINFOREST_RESIN;9995;21;;;;;10005;21;;;;;10000.0;468.0
-1;52200;KELP;2019;31;;;;;2023;31;;;;;2021.0;206.421875
-1;52200;RAINFOREST_RESIN;9996;2;9995;29;;;10004;2;10005;29;;;10000.0;473.0
-1;52300;RAINFOREST_RESIN;10002;1;9996;1;9995;27;10004;1;10005;27;;;10003.0;473.0
-1;52300;KELP;2022;1;2019;28;;;2023;28;;;;;2022.5;201.4609375
-1;52400;RAINFOREST_RESIN;9998;3;9996;1;9995;29;10004;1;10005;29;;;10001.0;475.0
-1;52400;KELP;2020;30;;;;;2023;30;;;;;2021.5;179.5703125
-1;52500;KELP;2022;1;2020;28;;;2023;28;;;;;2022.5;182.3125
-1;52500;RAINFOREST_RESIN;9996;1;9995;27;;;9998;1;10004;1;10005;27;9997.0;475.0
-1;52600;RAINFOREST_RESIN;9998;1;9996;1;9995;22;10000;4;10004;1;10005;22;9999.0;477.0
-1;52600;KELP;2020;1;2019;22;;;2021;4;2023;23;;;2020.5;199.34375
-1;52700;KELP;2019;26;;;;;2023;27;;;;;2021.0;207.03125
-1;52700;RAINFOREST_RESIN;9996;2;9995;25;;;10004;2;10005;25;;;10000.0;477.0
-1;52800;RAINFOREST_RESIN;9995;26;;;;;10005;26;;;;;10000.0;477.0
-1;52800;KELP;2019;26;;;;;2023;26;;;;;2021.0;194.7578125
-1;52900;KELP;2020;30;;;;;2023;30;;;;;2021.5;193.125
-1;52900;RAINFOREST_RESIN;9995;30;;;;;10005;30;;;;;10000.0;477.0
-1;53000;RAINFOREST_RESIN;10002;1;9996;1;9995;20;10004;1;10005;20;;;10003.0;482.0
-1;53000;KELP;2020;21;;;;;2023;21;;;;;2021.5;185.109375
-1;53100;KELP;2019;24;;;;;2023;24;;;;;2021.0;202.6328125
-1;53100;RAINFOREST_RESIN;9995;24;;;;;10005;24;;;;;10000.0;484.0
-1;53200;RAINFOREST_RESIN;9996;1;9995;30;;;10004;1;10005;30;;;10000.0;484.0
-1;53200;KELP;2022;1;2019;31;;;2023;31;;;;;2022.5;200.4140625
-1;53300;KELP;2020;29;;;;;2023;29;;;;;2021.5;192.6875
-1;53300;RAINFOREST_RESIN;9995;29;;;;;10005;29;;;;;10000.0;484.0
-1;53400;RAINFOREST_RESIN;9998;6;9996;2;9995;23;10004;2;10005;23;;;10001.0;484.0
-1;53400;KELP;2020;25;;;;;2023;25;;;;;2021.5;181.546875
-1;53500;KELP;2020;23;;;;;2023;23;;;;;2021.5;187.40625
-1;53500;RAINFOREST_RESIN;9996;2;9995;21;;;10002;1;10004;2;10005;21;9999.0;484.0
-1;53600;RAINFOREST_RESIN;9995;24;;;;;9998;9;10005;24;;;9996.5;484.0
-1;53600;KELP;2020;24;;;;;2023;24;;;;;2021.5;193.3515625
-1;53700;KELP;2019;30;;;;;2023;30;;;;;2021.0;199.171875
-1;53700;RAINFOREST_RESIN;9998;1;9995;30;;;10005;30;;;;;10001.5;502.0
-1;53800;RAINFOREST_RESIN;10002;3;9995;30;;;10005;30;;;;;10003.5;502.0
-1;53800;KELP;2019;30;;;;;2023;30;;;;;2021.0;200.2109375
-1;53900;KELP;2019;27;;;;;2023;27;;;;;2021.0;203.2265625
-1;53900;RAINFOREST_RESIN;9996;2;9995;25;;;10004;2;10005;25;;;10000.0;508.0
-1;54000;RAINFOREST_RESIN;9998;6;9996;1;9995;30;10004;1;10005;30;;;10001.0;510.0
-1;54000;KELP;2020;31;;;;;2022;1;2023;31;;;2021.0;185.3671875
-1;54100;KELP;2020;24;;;;;2022;2;2023;24;;;2021.0;187.3515625
-1;54100;RAINFOREST_RESIN;9998;2;9996;2;9995;22;10004;2;10005;22;;;10001.0;510.0
-1;54200;RAINFOREST_RESIN;9995;28;;;;;10005;28;;;;;10000.0;511.0
-1;54200;KELP;2020;28;;;;;2023;28;;;;;2021.5;188.75
-1;54300;KELP;2022;1;2019;25;;;2023;25;;;;;2022.5;205.40625
-1;54300;RAINFOREST_RESIN;9996;2;9995;23;;;10004;2;10005;23;;;10000.0;511.0
-1;54400;RAINFOREST_RESIN;9995;29;;;;;10005;29;;;;;10000.0;515.0
-1;54400;KELP;2019;29;;;;;2022;29;;;;;2020.5;216.9921875
-1;54500;KELP;2019;21;;;;;2022;21;;;;;2020.5;221.8046875
-1;54500;RAINFOREST_RESIN;9996;1;9995;20;;;10004;1;10005;20;;;10000.0;515.0
-1;54600;RAINFOREST_RESIN;10002;3;9995;27;;;10005;27;;;;;10003.5;515.0
-1;54600;KELP;2019;27;;;;;2023;27;;;;;2021.0;215.3046875
-1;54700;KELP;2019;29;;;;;2020;4;2022;29;;;2019.5;217.203125
-1;54700;RAINFOREST_RESIN;9996;2;9995;27;;;10004;2;10005;27;;;10000.0;521.0
-1;54800;RAINFOREST_RESIN;9998;8;9995;27;;;10005;27;;;;;10001.5;521.0
-1;54800;KELP;2019;27;;;;;2021;1;2022;27;;;2020.0;218.8984375
-1;54900;KELP;2019;29;;;;;2022;29;;;;;2020.5;221.5
-1;54900;RAINFOREST_RESIN;9996;1;9995;28;;;10002;3;10004;1;10005;28;9999.0;521.0
-1;55000;RAINFOREST_RESIN;9996;2;9995;28;;;10002;8;10004;2;10005;28;9999.0;521.0
-1;55000;KELP;2019;36;;;;;2022;30;;;;;2020.5;232.6640625
-1;55100;KELP;2019;37;;;;;2022;29;;;;;2020.5;240.3125
-1;55100;RAINFOREST_RESIN;9995;29;;;;;10005;29;;;;;10000.0;521.0
-1;55200;RAINFOREST_RESIN;9996;2;9995;21;;;10004;2;10005;21;;;10000.0;523.0
-1;55200;KELP;2018;21;;;;;2019;3;2020;8;2022;23;2018.5;246.9765625
-1;55300;RAINFOREST_RESIN;9996;2;9995;27;;;9998;1;10002;2;10004;2;9997.0;523.0
-1;55300;KELP;2018;29;;;;;2022;29;;;;;2020.0;251.5625
-1;55400;RAINFOREST_RESIN;9998;3;9996;1;9995;21;10004;1;10005;21;;;10001.0;525.0
-1;55400;KELP;2019;2;2018;22;;;2022;22;;;;;2020.5;250.0390625
-1;55500;KELP;2021;1;2019;4;2018;25;2022;25;;;;;2021.5;246.3125
-1;55500;RAINFOREST_RESIN;9995;25;;;;;10002;9;10005;25;;;9998.5;525.0
-1;55600;KELP;2019;3;2018;26;;;2022;26;;;;;2020.5;248.7890625
-1;55600;RAINFOREST_RESIN;9995;26;;;;;10005;26;;;;;10000.0;525.0
-1;55700;RAINFOREST_RESIN;9996;2;9995;21;;;10004;2;10005;21;;;10000.0;525.0
-1;55700;KELP;2019;25;;;;;2022;23;;;;;2020.5;244.2890625
-1;55800;RAINFOREST_RESIN;9998;6;9996;1;9995;26;10004;1;10005;26;;;10001.0;526.0
-1;55800;KELP;2018;27;;;;;2022;27;;;;;2020.0;249.8671875
-1;55900;KELP;2018;22;;;;;2022;22;;;;;2020.0;259.2109375
-1;55900;RAINFOREST_RESIN;9995;22;;;;;10005;22;;;;;10000.0;526.0
-1;56000;KELP;2018;24;;;;;2019;3;2021;2;2022;22;2018.5;263.703125
-1;56000;RAINFOREST_RESIN;9996;2;9995;22;;;10002;10;10004;2;10005;22;9999.0;526.0
-1;56100;RAINFOREST_RESIN;9996;2;9995;20;;;10004;2;10005;20;;;10000.0;526.0
-1;56100;KELP;2019;22;;;;;2022;22;;;;;2020.5;238.4765625
-1;56200;RAINFOREST_RESIN;9996;1;9995;29;;;10004;1;10005;29;;;10000.0;526.0
-1;56200;KELP;2020;2;2018;30;;;2022;30;;;;;2021.0;249.90625
-1;56300;KELP;2019;6;2018;27;;;2022;27;;;;;2020.5;251.21875
-1;56300;RAINFOREST_RESIN;10002;1;9996;2;9995;25;10004;2;10005;25;;;10003.0;526.0
-1;56400;KELP;2018;31;;;;;2022;31;;;;;2020.0;253.28125
-1;56400;RAINFOREST_RESIN;9996;1;9995;30;;;10004;1;10005;30;;;10000.0;528.0
-1;56500;RAINFOREST_RESIN;9996;2;9995;27;;;10004;2;10005;27;;;10000.0;528.0
-1;56500;KELP;2018;29;;;;;2022;29;;;;;2020.0;254.734375
-1;56600;RAINFOREST_RESIN;9996;2;9995;29;;;10002;4;10004;2;10005;29;9999.0;528.0
-1;56600;KELP;2019;2;2018;29;;;2022;31;;;;;2020.5;247.2421875
-1;56700;KELP;2020;6;2018;26;;;2022;26;;;;;2021.0;257.2734375
-1;56700;RAINFOREST_RESIN;9998;3;9996;2;9995;24;10000;2;10004;2;10005;24;9999.0;528.0
-1;56800;KELP;2018;24;;;;;2021;2;2022;22;;;2019.5;262.5078125
-1;56800;RAINFOREST_RESIN;10002;1;9998;10;9996;2;10004;2;10005;22;;;10003.0;528.0
-1;56900;RAINFOREST_RESIN;9996;2;9995;20;;;10004;2;10005;20;;;10000.0;530.0
-1;56900;KELP;2018;24;;;;;2021;22;;;;;2019.5;274.4375
-1;57000;RAINFOREST_RESIN;9996;1;9995;27;;;10004;1;10005;27;;;10000.0;530.0
-1;57000;KELP;2018;28;;;;;2020;8;2021;28;;;2019.0;291.0546875
-1;57100;KELP;2017;27;;;;;2020;27;;;;;2018.5;317.546875
-1;57100;RAINFOREST_RESIN;9996;2;9995;25;;;10004;2;10005;25;;;10000.0;530.0
-1;57200;KELP;2019;1;2017;27;;;2020;27;;;;;2019.5;325.3671875
-1;57200;RAINFOREST_RESIN;10002;2;9996;1;9995;26;10004;1;10005;26;;;10003.0;530.0
-1;57300;RAINFOREST_RESIN;9996;1;9995;26;;;10002;9;10004;1;10005;26;9999.0;534.0
-1;57300;KELP;2017;27;;;;;2020;27;;;;;2018.5;320.265625
-1;57400;RAINFOREST_RESIN;9995;24;;;;;10005;24;;;;;10000.0;534.0
-1;57400;KELP;2017;24;;;;;2019;2;2020;24;;;2018.0;324.9609375
-1;57500;KELP;2019;5;2017;30;;;2020;25;;;;;2019.5;324.1484375
-1;57500;RAINFOREST_RESIN;9998;5;9996;2;9995;23;10004;2;10005;23;;;10001.0;534.0
-1;57600;KELP;2017;24;;;;;2020;24;;;;;2018.5;320.34375
-1;57600;RAINFOREST_RESIN;9995;24;;;;;10005;24;;;;;10000.0;534.0
-1;57700;RAINFOREST_RESIN;9995;29;;;;;10005;29;;;;;10000.0;534.0
-1;57700;KELP;2017;29;;;;;2020;29;;;;;2018.5;321.140625
-1;57800;RAINFOREST_RESIN;9998;1;9996;2;9995;29;10004;2;10005;29;;;10001.0;534.0
-1;57800;KELP;2017;31;;;;;2020;2;2021;29;;;2018.5;310.8359375
-1;57900;KELP;2017;27;;;;;2018;6;2019;5;2020;2;2017.5;314.4140625
-1;57900;RAINFOREST_RESIN;9996;2;9995;25;;;9998;1;10000;6;10004;2;9997.0;534.0
-1;58000;KELP;2017;29;;;;;2020;1;2021;24;;;2018.5;315.109375
-1;58000;RAINFOREST_RESIN;9996;1;9995;24;;;9998;4;10004;1;10005;24;9997.0;536.0
-1;58100;RAINFOREST_RESIN;9995;23;;;;;10005;23;;;;;10000.0;544.0
-1;58100;KELP;2017;23;;;;;2020;23;;;;;2018.5;330.484375
-1;58200;RAINFOREST_RESIN;9996;1;9995;30;;;10004;1;10005;30;;;10000.0;547.0
-1;58200;KELP;2017;31;;;;;2020;31;;;;;2018.5;327.359375
-1;58300;KELP;2017;29;;;;;2020;29;;;;;2018.5;329.78125
-1;58300;RAINFOREST_RESIN;9995;29;;;;;10005;29;;;;;10000.0;547.0
-1;58400;KELP;2016;23;;;;;2018;1;2019;23;;;2017.0;384.5625
-1;58400;RAINFOREST_RESIN;9996;2;9995;21;;;10004;2;10005;21;;;10000.0;547.0
-1;58500;RAINFOREST_RESIN;9995;21;;;;;10002;1;10005;21;;;9998.5;547.0
-1;58500;KELP;2016;21;;;;;2019;21;;;;;2017.5;393.2109375
-1;58600;RAINFOREST_RESIN;10002;1;9995;25;;;10005;25;;;;;10003.5;547.0
-1;58600;KELP;2015;25;;;;;2017;7;2019;25;;;2016.0;406.0390625
-1;58700;KELP;2015;34;;;;;2018;32;;;;;2016.5;419.46875
-1;58700;RAINFOREST_RESIN;9996;2;9995;30;;;10004;2;10005;30;;;10000.0;549.0
-1;58800;KELP;2015;29;;;;;2019;29;;;;;2017.0;407.5390625
-1;58800;RAINFOREST_RESIN;9995;29;;;;;10002;1;10005;29;;;9998.5;549.0
-1;58900;RAINFOREST_RESIN;9996;1;9995;24;;;10004;1;10005;24;;;10000.0;554.0
-1;58900;KELP;2015;25;;;;;2019;25;;;;;2017.0;400.2734375
-1;59000;RAINFOREST_RESIN;9996;2;9995;20;;;10004;2;10005;20;;;10000.0;554.0
-1;59000;KELP;2016;22;;;;;2019;22;;;;;2017.5;386.15625
-1;59100;KELP;2016;34;;;;;2019;27;;;;;2017.5;374.59375
-1;59100;RAINFOREST_RESIN;9995;27;;;;;10005;27;;;;;10000.0;554.0
-1;59200;KELP;2016;31;;;;;2020;31;;;;;2018.0;351.390625
-1;59200;RAINFOREST_RESIN;9998;4;9996;2;9995;29;10004;2;10005;29;;;10001.0;555.0
-1;59300;RAINFOREST_RESIN;9996;1;9995;26;;;10004;1;10005;26;;;10000.0;555.0
-1;59300;KELP;2016;26;;;;;2018;2;2019;27;;;2017.0;372.90625
-1;59400;RAINFOREST_RESIN;9996;1;9995;21;;;10004;1;10005;21;;;10000.0;555.0
-1;59400;KELP;2015;22;;;;;2019;22;;;;;2017.0;400.8046875
-1;59500;KELP;2015;23;;;;;2019;23;;;;;2017.0;396.1640625
-1;59500;RAINFOREST_RESIN;10002;5;9995;23;;;10005;23;;;;;10003.5;555.0
-1;59600;KELP;2016;29;;;;;2019;29;;;;;2017.5;390.3359375
-1;59600;RAINFOREST_RESIN;9996;2;9995;27;;;10004;2;10005;27;;;10000.0;565.0
-1;59700;RAINFOREST_RESIN;9995;21;;;;;10005;21;;;;;10000.0;565.0
-1;59700;KELP;2015;21;;;;;2018;21;;;;;2016.5;432.1796875
-1;59800;RAINFOREST_RESIN;9996;1;9995;24;;;10004;1;10005;24;;;10000.0;565.0
-1;59800;KELP;2015;25;;;;;2018;25;;;;;2016.5;426.3984375
-1;59900;KELP;2015;24;;;;;2018;24;;;;;2016.5;432.5703125
-1;59900;RAINFOREST_RESIN;9996;1;9995;23;;;10002;6;10004;1;10005;23;9999.0;565.0
-1;60000;KELP;2015;22;;;;;2018;22;;;;;2016.5;427.5078125
-1;60000;RAINFOREST_RESIN;9998;3;9995;22;;;10005;22;;;;;10001.5;565.0
-1;60100;RAINFOREST_RESIN;9996;2;9995;25;;;10004;2;10005;25;;;10000.0;568.0
-1;60100;KELP;2015;27;;;;;2018;27;;;;;2016.5;431.46875
-1;60200;RAINFOREST_RESIN;9995;25;;;;;10005;25;;;;;10000.0;568.0
-1;60200;KELP;2016;3;2015;25;;;2018;25;;;;;2017.0;442.8984375
-1;60300;KELP;2015;28;;;;;2018;28;;;;;2016.5;444.3359375
-1;60300;RAINFOREST_RESIN;9996;1;9995;27;;;10004;1;10005;27;;;10000.0;573.0
-1;60400;KELP;2015;1;2014;20;;;2018;21;;;;;2016.5;449.0078125
-1;60400;RAINFOREST_RESIN;9996;1;9995;20;;;9998;1;10004;1;10005;20;9997.0;573.0
-1;60500;RAINFOREST_RESIN;9996;1;9995;23;;;10004;1;10005;23;;;10000.0;575.0
-1;60500;KELP;2015;24;;;;;2018;24;;;;;2016.5;422.7890625
-1;60600;RAINFOREST_RESIN;9996;2;9995;22;;;10004;2;10005;22;;;10000.0;575.0
-1;60600;KELP;2015;26;;;;;2018;24;;;;;2016.5;424.21875
-1;60700;KELP;2015;22;;;;;2017;5;2018;22;;;2016.0;424.609375
-1;60700;RAINFOREST_RESIN;9995;22;;;;;10005;22;;;;;10000.0;575.0
-1;60800;KELP;2015;31;;;;;2018;32;;;;;2016.5;423.9296875
-1;60800;RAINFOREST_RESIN;10002;10;9996;2;9995;30;10004;2;10005;30;;;10003.0;575.0
-1;60900;RAINFOREST_RESIN;9996;2;9995;29;;;10004;2;10005;29;;;10000.0;595.0
-1;60900;KELP;2015;28;;;;;2017;4;2018;31;;;2016.0;435.734375
-1;61000;RAINFOREST_RESIN;9995;28;;;;;10005;28;;;;;10000.0;595.0
-1;61000;KELP;2015;28;;;;;2018;28;;;;;2016.5;429.2109375
-1;61100;KELP;2015;29;;;;;2017;3;2018;29;;;2016.0;443.6953125
-1;61100;RAINFOREST_RESIN;9995;29;;;;;10005;29;;;;;10000.0;595.0
-1;61200;KELP;2015;22;;;;;2016;2;2018;22;;;2015.5;431.3984375
-1;61200;RAINFOREST_RESIN;9998;9;9996;1;9995;21;10000;2;10004;1;10005;21;9999.0;595.0
-1;61300;RAINFOREST_RESIN;9996;1;9995;22;;;10004;1;10005;22;;;10000.0;595.0
-1;61300;KELP;2015;23;;;;;2018;23;;;;;2016.5;418.125
-1;61400;RAINFOREST_RESIN;9996;1;9995;30;;;10004;1;10005;30;;;10000.0;595.0
-1;61400;KELP;2015;31;;;;;2018;1;2019;30;;;2016.5;413.171875
-1;61500;KELP;2015;29;;;;;2018;29;;;;;2016.5;432.5546875
-1;61500;RAINFOREST_RESIN;9996;2;9995;27;;;10004;2;10005;27;;;10000.0;595.0
-1;61600;RAINFOREST_RESIN;9996;2;9995;28;;;10004;2;10005;28;;;10000.0;595.0
-1;61600;KELP;2015;30;;;;;2017;5;2018;30;;;2016.0;443.1796875
-1;61700;KELP;2014;26;;;;;2016;7;2017;27;;;2015.0;478.6640625
-1;61700;RAINFOREST_RESIN;9996;1;9995;26;;;10004;1;10005;26;;;10000.0;595.0
-1;61800;RAINFOREST_RESIN;9995;20;;;;;10005;20;;;;;10000.0;595.0
-1;61800;KELP;2015;20;;;;;2018;20;;;;;2016.5;441.0625
-1;61900;KELP;2014;26;;;;;2017;26;;;;;2015.5;474.640625
-1;61900;RAINFOREST_RESIN;9995;26;;;;;9998;1;10005;26;;;9996.5;595.0
-1;62000;RAINFOREST_RESIN;9995;20;;;;;10005;20;;;;;10000.0;599.0
-1;62000;KELP;2016;1;2014;20;;;2017;20;;;;;2016.5;471.8359375
-1;62100;KELP;2014;25;;;;;2017;25;;;;;2015.5;468.7265625
-1;62100;RAINFOREST_RESIN;9996;2;9995;23;;;10004;2;10005;23;;;10000.0;599.0
-1;62200;RAINFOREST_RESIN;9995;25;;;;;10002;3;10005;25;;;9998.5;599.0
-1;62200;KELP;2014;25;;;;;2017;25;;;;;2015.5;475.5
-1;62300;KELP;2014;22;;;;;2017;22;;;;;2015.5;470.328125
-1;62300;RAINFOREST_RESIN;9995;22;;;;;10005;22;;;;;10000.0;599.0
-1;62400;RAINFOREST_RESIN;9996;2;9995;23;;;10004;2;10005;23;;;10000.0;601.0
-1;62400;KELP;2014;25;;;;;2016;8;2018;25;;;2015.0;449.8515625
-1;62500;KELP;2015;3;2014;23;;;2018;24;;;;;2016.5;448.515625
-1;62500;RAINFOREST_RESIN;9996;1;9995;23;;;10004;1;10005;23;;;10000.0;601.0
-1;62600;RAINFOREST_RESIN;9995;29;;;;;10005;29;;;;;10000.0;601.0
-1;62600;KELP;2015;29;;;;;2018;29;;;;;2016.5;425.78125
-1;62700;KELP;2015;26;;;;;2018;26;;;;;2016.5;427.7734375
-1;62700;RAINFOREST_RESIN;9996;2;9995;24;;;10004;2;10005;24;;;10000.0;601.0
-1;62800;RAINFOREST_RESIN;9995;26;;;;;10005;26;;;;;10000.0;601.0
-1;62800;KELP;2015;25;;;;;2017;1;2019;26;;;2016.0;409.546875
-1;62900;KELP;2016;29;;;;;2018;1;2019;29;;;2017.0;383.0
-1;62900;RAINFOREST_RESIN;9996;2;9995;27;;;9998;4;10004;2;10005;27;9997.0;601.0
-1;63000;RAINFOREST_RESIN;9995;29;;;;;10005;29;;;;;10000.0;609.0
-1;63000;KELP;2016;29;;;;;2018;4;2019;29;;;2017.0;380.2578125
-1;63100;KELP;2016;25;;;;;2020;26;;;;;2018.0;357.4140625
-1;63100;RAINFOREST_RESIN;9996;2;9995;24;;;10004;2;10005;24;;;10000.0;609.0
-1;63200;RAINFOREST_RESIN;9995;28;;;;;10005;28;;;;;10000.0;609.0
-1;63200;KELP;2016;28;;;;;2020;28;;;;;2018.0;355.6484375
-1;63300;KELP;2016;32;;;;;2019;2;2020;30;;;2017.5;361.765625
-1;63300;RAINFOREST_RESIN;9996;2;9995;30;;;10004;2;10005;30;;;10000.0;609.0
-1;63400;RAINFOREST_RESIN;9996;2;9995;24;;;10004;2;10005;24;;;10000.0;609.0
-1;63400;KELP;2018;3;2016;26;;;2020;26;;;;;2019.0;358.7265625
-1;63500;KELP;2016;22;;;;;2019;20;;;;;2017.5;366.3515625
-1;63500;RAINFOREST_RESIN;9998;8;9995;20;;;10005;20;;;;;10001.5;609.0
-1;63600;RAINFOREST_RESIN;9995;21;;;;;10005;21;;;;;10000.0;609.0
-1;63600;KELP;2018;1;2016;21;;;2019;21;;;;;2018.5;370.890625
-1;63700;KELP;2017;8;2016;30;;;2019;2;2020;28;;;2018.0;361.8203125
-1;63700;RAINFOREST_RESIN;9996;2;9995;28;;;10002;6;10004;2;10005;28;9999.0;609.0
-1;63800;RAINFOREST_RESIN;9996;1;9995;21;;;10004;1;10005;21;;;10000.0;609.0
-1;63800;KELP;2016;21;;;;;2018;7;2020;22;;;2017.0;356.546875
-1;63900;KELP;2016;21;;;;;2018;6;2020;21;;;2017.0;364.125
-1;63900;RAINFOREST_RESIN;9995;21;;;;;10005;21;;;;;10000.0;609.0
-1;64000;RAINFOREST_RESIN;9998;6;9995;30;;;10005;30;;;;;10001.5;614.0
-1;64000;KELP;2016;30;;;;;2019;30;;;;;2017.5;368.984375
-1;64100;KELP;2016;27;;;;;2019;27;;;;;2017.5;368.9609375
-1;64100;RAINFOREST_RESIN;9995;27;;;;;10002;6;10005;27;;;9998.5;615.0
-1;64200;KELP;2015;25;;;;;2018;25;;;;;2016.5;419.5
-1;64200;RAINFOREST_RESIN;9996;1;9995;24;;;10004;1;10005;24;;;10000.0;615.0
-1;64300;RAINFOREST_RESIN;9998;7;9996;1;9995;22;10004;1;10005;22;;;10001.0;618.0
-1;64300;KELP;2015;23;;;;;2018;23;;;;;2016.5;432.1875
-1;64400;RAINFOREST_RESIN;9998;8;9996;2;9995;27;10004;2;10005;27;;;10001.0;618.0
-1;64400;KELP;2015;31;;;;;2018;29;;;;;2016.5;428.953125
-1;64500;KELP;2015;29;;;;;2017;6;2018;29;;;2016.0;424.234375
-1;64500;RAINFOREST_RESIN;9998;5;9996;2;9995;27;10004;2;10005;27;;;10001.0;622.0
-1;64600;KELP;2015;26;;;;;2018;26;;;;;2016.5;429.375
-1;64600;RAINFOREST_RESIN;9995;26;;;;;10005;26;;;;;10000.0;622.0
-1;64700;RAINFOREST_RESIN;9995;28;;;;;10005;28;;;;;10000.0;622.0
-1;64700;KELP;2015;28;;;;;2018;28;;;;;2016.5;444.2421875
-1;64800;RAINFOREST_RESIN;9996;2;9995;30;;;10004;2;10005;30;;;10000.0;622.0
-1;64800;KELP;2015;2;2014;30;;;2018;32;;;;;2016.5;445.328125
-1;64900;KELP;2015;31;;;;;2017;3;2018;31;;;2016.0;444.25
-1;64900;RAINFOREST_RESIN;9996;2;9995;29;;;10004;2;10005;29;;;10000.0;622.0
-1;65000;KELP;2015;25;;;;;2018;25;;;;;2016.5;428.0078125
-1;65000;RAINFOREST_RESIN;9995;25;;;;;9998;1;10005;25;;;9996.5;622.0
-1;65100;RAINFOREST_RESIN;9996;2;9995;23;;;10004;2;10005;23;;;10000.0;624.0
-1;65100;KELP;2015;25;;;;;2018;25;;;;;2016.5;433.4921875
-1;65200;RAINFOREST_RESIN;9998;8;9995;29;;;10005;29;;;;;10001.5;627.0
-1;65200;KELP;2017;1;2015;29;;;2019;29;;;;;2018.0;407.0234375
-1;65300;KELP;2015;21;;;;;2017;2;2018;21;;;2016.0;424.234375
-1;65300;RAINFOREST_RESIN;9995;21;;;;;10002;3;10005;21;;;9998.5;627.0
-1;65400;KELP;2015;28;;;;;2016;3;2018;28;;;2015.5;419.203125
-1;65400;RAINFOREST_RESIN;9996;2;9995;26;;;10000;3;10004;2;10005;26;9998.0;629.0
-1;65500;RAINFOREST_RESIN;9996;2;9995;27;;;10004;2;10005;27;;;10000.0;629.0
-1;65500;KELP;2015;36;;;;;2018;29;;;;;2016.5;429.515625
-1;65600;RAINFOREST_RESIN;9998;5;9995;20;;;10005;20;;;;;10001.5;629.0
-1;65600;KELP;2015;20;;;;;2019;20;;;;;2017.0;413.4453125
-1;65700;KELP;2014;29;;;;;2018;29;;;;;2016.0;447.203125
-1;65700;RAINFOREST_RESIN;9995;29;;;;;10005;29;;;;;10000.0;629.0
-1;65800;KELP;2015;20;;;;;2017;7;2018;20;;;2016.0;442.546875
-1;65800;RAINFOREST_RESIN;9998;9;9995;20;;;10005;20;;;;;10001.5;629.0
-1;65900;RAINFOREST_RESIN;9996;1;9995;23;;;10004;1;10005;23;;;10000.0;629.0
-1;65900;KELP;2015;29;;;;;2018;24;;;;;2016.5;432.71875
-1;66000;RAINFOREST_RESIN;9998;4;9996;2;9995;22;10004;2;10005;22;;;10001.0;629.0
-1;66000;KELP;2015;24;;;;;2018;24;;;;;2016.5;431.65625
-1;66100;KELP;2015;27;;;;;2018;27;;;;;2016.5;426.109375
-1;66100;RAINFOREST_RESIN;9996;1;9995;26;;;9998;1;10004;1;10005;26;9997.0;629.0
-1;66200;KELP;2016;5;2015;20;;;2019;20;;;;;2017.5;405.6640625
-1;66200;RAINFOREST_RESIN;10002;1;10000;5;9995;20;10005;20;;;;;10003.5;631.0
-1;66300;RAINFOREST_RESIN;9996;1;9995;24;;;10004;1;10005;24;;;10000.0;633.0
-1;66300;KELP;2018;1;2016;2;2015;25;2019;25;;;;;2018.5;401.109375
-1;66400;RAINFOREST_RESIN;9995;21;;;;;9998;3;10005;21;;;9996.5;633.0
-1;66400;KELP;2015;21;;;;;2019;21;;;;;2017.0;396.625
-1;66500;KELP;2015;22;;;;;2019;22;;;;;2017.0;399.671875
-1;66500;RAINFOREST_RESIN;9996;2;9995;20;;;10004;2;10005;20;;;10000.0;639.0
-1;66600;KELP;2015;22;;;;;2017;3;2019;22;;;2016.0;411.28125
-1;66600;RAINFOREST_RESIN;9995;22;;;;;10005;22;;;;;10000.0;639.0
-1;66700;RAINFOREST_RESIN;9998;9;9995;27;;;10005;27;;;;;10001.5;639.0
-1;66700;KELP;2014;27;;;;;2018;27;;;;;2016.0;455.6640625
-1;66800;RAINFOREST_RESIN;9995;30;;;;;10005;30;;;;;10000.0;639.0
-1;66800;KELP;2014;30;;;;;2018;30;;;;;2016.0;450.734375
-1;66900;KELP;2017;1;2015;4;2014;23;2018;23;;;;;2017.5;448.2109375
-1;66900;RAINFOREST_RESIN;9998;4;9995;23;;;10005;23;;;;;10001.5;639.0
-1;67000;KELP;2015;25;;;;;2018;25;;;;;2016.5;439.546875
-1;67000;RAINFOREST_RESIN;9996;1;9995;24;;;10004;1;10005;24;;;10000.0;639.0
-1;67100;RAINFOREST_RESIN;9995;23;;;;;10005;23;;;;;10000.0;639.0
-1;67100;KELP;2015;23;;;;;2018;23;;;;;2016.5;443.125
-1;67200;RAINFOREST_RESIN;9996;2;9995;20;;;10002;3;10004;2;10005;20;9999.0;639.0
-1;67200;KELP;2015;21;;;;;2018;22;;;;;2016.5;433.296875
-1;67300;KELP;2015;31;;;;;2018;30;;;;;2016.5;430.6875
-1;67300;RAINFOREST_RESIN;9995;30;;;;;9998;3;10005;30;;;9996.5;639.0
-1;67400;KELP;2015;26;;;;;2018;26;;;;;2016.5;416.0
-1;67400;RAINFOREST_RESIN;9998;4;9996;1;9995;25;10004;1;10005;25;;;10001.0;645.0
-1;67500;RAINFOREST_RESIN;9995;21;;;;;10005;21;;;;;10000.0;645.0
-1;67500;KELP;2015;20;;;;;2018;21;;;;;2016.5;420.0234375
-1;67600;RAINFOREST_RESIN;9996;2;9995;25;;;10004;2;10005;25;;;10000.0;645.0
-1;67600;KELP;2015;27;;;;;2018;27;;;;;2016.5;422.6171875
-1;67700;KELP;2015;33;;;;;2018;30;;;;;2016.5;418.578125
-1;67700;RAINFOREST_RESIN;9996;1;9995;29;;;10004;1;10005;29;;;10000.0;645.0
-1;67800;KELP;2015;38;;;;;2018;30;;;;;2016.5;436.0703125
-1;67800;RAINFOREST_RESIN;9998;3;9995;30;;;10005;30;;;;;10001.5;645.0
-1;67900;RAINFOREST_RESIN;9995;25;;;;;10005;25;;;;;10000.0;645.0
-1;67900;KELP;2015;25;;;;;2018;25;;;;;2016.5;420.4140625
-1;68000;RAINFOREST_RESIN;9996;2;9995;21;;;10004;2;10005;21;;;10000.0;645.0
-1;68000;KELP;2015;23;;;;;2018;23;;;;;2016.5;418.375
-1;68100;KELP;2015;31;;;;;2017;4;2018;31;;;2016.0;442.8203125
-1;68100;RAINFOREST_RESIN;9996;2;9995;29;;;10004;2;10005;29;;;10000.0;645.0
-1;68200;KELP;2017;1;2015;31;;;2018;31;;;;;2017.5;431.2109375
-1;68200;RAINFOREST_RESIN;9996;2;9995;29;;;10004;2;10005;29;;;10000.0;645.0
-1;68300;RAINFOREST_RESIN;9996;1;9995;28;;;10004;1;10005;28;;;10000.0;645.0
-1;68300;KELP;2017;1;2015;29;;;2018;29;;;;;2017.5;436.9765625
-1;68400;RAINFOREST_RESIN;9996;2;9995;26;;;10004;2;10005;26;;;10000.0;645.0
-1;68400;KELP;2015;28;;;;;2018;28;;;;;2016.5;429.375
-1;68500;KELP;2015;23;;;;;2018;23;;;;;2016.5;425.1015625
-1;68500;RAINFOREST_RESIN;9995;23;;;;;10002;5;10005;23;;;9998.5;645.0
-1;68600;KELP;2015;24;;;;;2018;25;;;;;2016.5;426.890625
-1;68600;RAINFOREST_RESIN;9996;1;9995;24;;;10004;1;10005;24;;;10000.0;645.0
-1;68700;RAINFOREST_RESIN;9996;1;9995;27;;;10004;1;10005;27;;;10000.0;645.0
-1;68700;KELP;2015;28;;;;;2018;28;;;;;2016.5;418.4296875
-1;68800;RAINFOREST_RESIN;9995;22;;;;;9998;1;10005;22;;;9996.5;645.0
-1;68800;KELP;2015;22;;;;;2018;22;;;;;2016.5;424.59375
-1;68900;KELP;2017;1;2015;28;;;2018;28;;;;;2017.5;444.4453125
-1;68900;RAINFOREST_RESIN;9996;1;9995;27;;;10004;1;10005;27;;;10000.0;647.0
-1;69000;KELP;2015;30;;;;;2018;30;;;;;2016.5;422.4609375
-1;69000;RAINFOREST_RESIN;9996;2;9995;28;;;10004;2;10005;28;;;10000.0;647.0
-1;69100;RAINFOREST_RESIN;9998;9;9996;1;9995;30;10004;1;10005;30;;;10001.0;647.0
-1;69100;KELP;2015;30;;;;;2018;31;;;;;2016.5;432.140625
-1;69200;RAINFOREST_RESIN;9996;2;9995;28;;;10004;2;10005;28;;;10000.0;647.0
-1;69200;KELP;2017;3;2015;30;;;2018;30;;;;;2017.5;434.109375
-1;69300;KELP;2017;1;2015;21;;;2018;21;;;;;2017.5;436.703125
-1;69300;RAINFOREST_RESIN;9995;21;;;;;9998;1;10005;21;;;9996.5;647.0
-1;69400;KELP;2015;26;;;;;2018;26;;;;;2016.5;434.6875
-1;69400;RAINFOREST_RESIN;10002;1;9998;2;9996;1;10004;1;10005;25;;;10003.0;649.0
-1;69500;RAINFOREST_RESIN;9998;1;9996;2;9995;24;10004;2;10005;24;;;10001.0;651.0
-1;69500;KELP;2015;32;;;;;2018;26;;;;;2016.5;432.71875
-1;69600;RAINFOREST_RESIN;9995;23;;;;;10005;23;;;;;10000.0;651.0
-1;69600;KELP;2015;22;;;;;2018;23;;;;;2016.5;433.234375
-1;69700;KELP;2015;21;;;;;2018;21;;;;;2016.5;433.1875
-1;69700;RAINFOREST_RESIN;10002;1;9996;1;9995;20;10004;1;10005;20;;;10003.0;651.0
-1;69800;KELP;2015;24;;;;;2018;24;;;;;2016.5;420.1953125
-1;69800;RAINFOREST_RESIN;9996;1;9995;23;;;10004;1;10005;23;;;10000.0;655.0
-1;69900;RAINFOREST_RESIN;9996;2;9995;27;;;10004;2;10005;27;;;10000.0;655.0
-1;69900;KELP;2015;29;;;;;2018;29;;;;;2016.5;421.8046875
-1;70000;RAINFOREST_RESIN;9996;2;9995;27;;;10004;2;10005;27;;;10000.0;655.0
-1;70000;KELP;2015;29;;;;;2018;29;;;;;2016.5;428.5078125
-1;70100;KELP;2015;23;;;;;2018;2;2019;22;;;2016.5;412.140625
-1;70100;RAINFOREST_RESIN;9996;2;9995;22;;;10004;2;10005;22;;;10000.0;655.0
-1;70200;KELP;2015;22;;;;;2018;22;;;;;2016.5;422.15625
-1;70200;RAINFOREST_RESIN;9996;1;9995;21;;;10004;1;10005;21;;;10000.0;655.0
-1;70300;RAINFOREST_RESIN;9996;1;9995;25;;;9998;2;10004;1;10005;25;9997.0;655.0
-1;70300;KELP;2015;26;;;;;2018;26;;;;;2016.5;435.59375
-1;70400;RAINFOREST_RESIN;9995;26;;;;;10005;26;;;;;10000.0;659.0
-1;70400;KELP;2015;26;;;;;2017;6;2018;26;;;2016.0;443.5625
-1;70500;KELP;2015;23;;;;;2016;3;2017;3;2018;23;2015.5;433.3359375
-1;70500;RAINFOREST_RESIN;9995;23;;;;;10000;3;10005;23;;;9997.5;659.0
-1;70600;RAINFOREST_RESIN;9996;1;9995;27;;;10004;1;10005;27;;;10000.0;659.0
-1;70600;KELP;2015;34;;;;;2018;28;;;;;2016.5;416.8515625
-1;70700;KELP;2015;26;;;;;2018;26;;;;;2016.5;436.78125
-1;70700;RAINFOREST_RESIN;9995;26;;;;;10005;26;;;;;10000.0;661.0
-1;70800;RAINFOREST_RESIN;10002;1;9995;27;;;10005;27;;;;;10003.5;661.0
-1;70800;KELP;2015;26;;;;;2018;27;;;;;2016.5;429.8203125
-1;70900;KELP;2015;32;;;;;2018;32;;;;;2016.5;428.7578125
-1;70900;RAINFOREST_RESIN;9996;2;9995;30;;;10004;2;10005;30;;;10000.0;663.0
-1;71000;RAINFOREST_RESIN;9996;1;9995;29;;;10002;5;10004;1;10005;29;9999.0;663.0
-1;71000;KELP;2015;30;;;;;2018;30;;;;;2016.5;430.8203125
-1;71100;KELP;2015;22;;;;;2018;22;;;;;2016.5;429.34375
-1;71100;RAINFOREST_RESIN;9998;9;9996;1;9995;21;10004;1;10005;21;;;10001.0;663.0
-1;71200;RAINFOREST_RESIN;10002;1;9996;1;9995;28;10004;1;10005;28;;;10003.0;663.0
-1;71200;KELP;2015;28;;;;;2018;29;;;;;2016.5;430.9609375
-1;71300;KELP;2015;28;;;;;2017;4;2018;28;;;2016.0;439.3046875
-1;71300;RAINFOREST_RESIN;9996;2;9995;26;;;10002;4;10004;2;10005;26;9999.0;665.0
-1;71400;RAINFOREST_RESIN;9996;2;9995;24;;;10002;3;10004;2;10005;24;9999.0;665.0
-1;71400;KELP;2015;26;;;;;2018;26;;;;;2016.5;441.9453125
-1;71500;KELP;2015;25;;;;;2018;28;;;;;2016.5;425.6328125
-1;71500;RAINFOREST_RESIN;10002;1;9996;2;9995;26;10004;2;10005;26;;;10003.0;665.0
-1;71600;RAINFOREST_RESIN;9996;1;9995;27;;;9998;3;10004;1;10005;27;9997.0;667.0
-1;71600;KELP;2014;28;;;;;2018;28;;;;;2016.0;454.8046875
-1;71700;KELP;2014;31;;;;;2016;4;2018;31;;;2015.0;453.78125
-1;71700;RAINFOREST_RESIN;9996;2;9995;29;;;10004;2;10005;29;;;10000.0;673.0
-1;71800;RAINFOREST_RESIN;10002;1;9996;2;9995;25;10004;2;10005;25;;;10003.0;673.0
-1;71800;KELP;2014;27;;;;;2018;27;;;;;2016.0;453.3046875
-1;71900;KELP;2014;26;;;;;2018;26;;;;;2016.0;460.0390625
-1;71900;RAINFOREST_RESIN;10002;1;9996;1;9995;25;10004;1;10005;25;;;10003.0;675.0
-1;72000;RAINFOREST_RESIN;9996;1;9995;20;;;10004;1;10005;20;;;10000.0;677.0
-1;72000;KELP;2015;21;;;;;2017;6;2018;21;;;2016.0;431.046875
-1;72100;KELP;2014;21;;;;;2016;5;2018;21;;;2015.0;451.8515625
-1;72100;RAINFOREST_RESIN;9995;21;;;;;10005;21;;;;;10000.0;677.0
-1;72200;RAINFOREST_RESIN;9996;2;9995;29;;;10004;2;10005;29;;;10000.0;677.0
-1;72200;KELP;2016;3;2014;31;;;2018;31;;;;;2017.0;459.7421875
-1;72300;KELP;2014;23;;;;;2018;23;;;;;2016.0;450.9140625
-1;72300;RAINFOREST_RESIN;9996;1;9995;22;;;10002;8;10004;1;10005;22;9999.0;677.0
-1;72400;RAINFOREST_RESIN;10002;1;9996;2;9995;20;10004;2;10005;20;;;10003.0;677.0
-1;72400;KELP;2014;22;;;;;2016;6;2018;22;;;2015.0;457.34375
-1;72500;KELP;2014;34;;;;;2017;27;;;;;2015.5;473.890625
-1;72500;RAINFOREST_RESIN;9996;2;9995;25;;;10004;2;10005;25;;;10000.0;679.0
-1;72600;RAINFOREST_RESIN;9996;2;9995;27;;;10004;2;10005;27;;;10000.0;680.0
-1;72600;KELP;2014;35;;;;;2015;4;2017;29;;;2014.5;468.109375
-1;72700;KELP;2014;23;;;;;2017;23;;;;;2015.5;472.7421875
-1;72700;RAINFOREST_RESIN;9995;23;;;;;10005;23;;;;;10000.0;680.0
-1;72800;RAINFOREST_RESIN;9995;20;;;;;10005;20;;;;;10000.0;680.0
-1;72800;KELP;2014;20;;;;;2017;20;;;;;2015.5;471.25
-1;72900;KELP;2014;24;;;;;2017;24;;;;;2015.5;473.078125
-1;72900;RAINFOREST_RESIN;9998;1;9996;2;9995;22;10004;2;10005;22;;;10001.0;680.0
-1;73000;RAINFOREST_RESIN;9996;1;9995;21;;;10002;7;10004;1;10005;21;9999.0;681.0
-1;73000;KELP;2014;21;;;;;2016;2;2017;22;;;2015.0;472.7734375
-1;73100;KELP;2014;31;;;;;2017;31;;;;;2015.5;481.1171875
-1;73100;RAINFOREST_RESIN;9996;2;9995;29;;;10002;3;10004;2;10005;29;9999.0;681.0
-1;73200;KELP;2014;21;;;;;2017;21;;;;;2015.5;486.84375
-1;73200;RAINFOREST_RESIN;9995;21;;;;;10005;21;;;;;10000.0;681.0
-1;73300;RAINFOREST_RESIN;9996;1;9995;29;;;10004;1;10005;29;;;10000.0;681.0
-1;73300;KELP;2014;30;;;;;2017;30;;;;;2015.5;492.4296875
-1;73400;RAINFOREST_RESIN;9995;30;;;;;9998;1;10005;30;;;9996.5;681.0
-1;73400;KELP;2014;30;;;;;2016;4;2017;30;;;2015.0;487.8984375
-1;73500;KELP;2014;25;;;;;2017;25;;;;;2015.5;484.3671875
-1;73500;RAINFOREST_RESIN;9996;2;9995;23;;;10004;2;10005;23;;;10000.0;683.0
-1;73600;KELP;2014;25;;;;;2017;25;;;;;2015.5;483.3359375
-1;73600;RAINFOREST_RESIN;9996;1;9995;24;;;10004;1;10005;24;;;10000.0;683.0
-1;73700;RAINFOREST_RESIN;9995;24;;;;;10005;24;;;;;10000.0;683.0
-1;73700;KELP;2014;24;;;;;2017;24;;;;;2015.5;468.0625
-1;73800;RAINFOREST_RESIN;9995;24;;;;;10005;24;;;;;10000.0;683.0
-1;73800;KELP;2014;24;;;;;2016;5;2018;24;;;2015.0;451.890625
-1;73900;KELP;2015;27;;;;;2018;30;;;;;2016.5;421.390625
-1;73900;RAINFOREST_RESIN;9995;30;;;;;10005;30;;;;;10000.0;683.0
-1;74000;KELP;2015;26;;;;;2017;3;2018;26;;;2016.0;439.5
-1;74000;RAINFOREST_RESIN;10002;1;9998;10;9996;2;10004;2;10005;24;;;10003.0;683.0
-1;74100;RAINFOREST_RESIN;10000;6;9996;2;9995;30;10004;2;10005;30;;;10002.0;685.0
-1;74100;KELP;2016;6;2015;32;;;2018;32;;;;;2017.0;439.109375
-1;74200;RAINFOREST_RESIN;9996;2;9995;20;;;10002;6;10004;2;10005;20;9999.0;685.0
-1;74200;KELP;2015;22;;;;;2018;22;;;;;2016.5;435.84375
-1;74300;KELP;2015;5;2014;32;;;2018;32;;;;;2016.5;458.0859375
-1;74300;RAINFOREST_RESIN;9996;2;9995;30;;;10002;6;10004;2;10005;30;9999.0;685.0
-1;74400;KELP;2015;30;;;;;2018;30;;;;;2016.5;436.1796875
-1;74400;RAINFOREST_RESIN;9995;30;;;;;10005;30;;;;;10000.0;685.0
-1;74500;RAINFOREST_RESIN;10000;3;9995;29;;;10005;29;;;;;10002.5;685.0
-1;74500;KELP;2016;3;2014;29;;;2018;29;;;;;2017.0;445.78125
-1;74600;RAINFOREST_RESIN;10002;1;9998;7;9995;29;10005;29;;;;;10003.5;685.0
-1;74600;KELP;2014;29;;;;;2018;29;;;;;2016.0;448.390625
-1;74700;KELP;2014;32;;;;;2018;32;;;;;2016.0;454.6484375
-1;74700;RAINFOREST_RESIN;9996;2;9995;30;;;10004;2;10005;30;;;10000.0;687.0
-1;74800;KELP;2014;26;;;;;2018;26;;;;;2016.0;451.6640625
-1;74800;RAINFOREST_RESIN;9998;9;9996;1;9995;25;10004;1;10005;25;;;10001.0;687.0
-1;74900;RAINFOREST_RESIN;10002;1;9996;1;9995;30;10004;1;10005;30;;;10003.0;687.0
-1;74900;KELP;2015;31;;;;;2018;31;;;;;2016.5;443.6640625
-1;75000;RAINFOREST_RESIN;9995;27;;;;;9998;1;10005;27;;;9996.5;689.0
-1;75000;KELP;2016;1;2014;27;;;2017;27;;;;;2016.5;471.640625
-1;75100;KELP;2014;30;;;;;2017;30;;;;;2015.5;466.25
-1;75100;RAINFOREST_RESIN;9995;30;;;;;10005;30;;;;;10000.0;695.0
-1;75200;KELP;2016;3;2014;26;;;2017;2;2018;24;;;2016.5;462.0859375
-1;75200;RAINFOREST_RESIN;9998;2;9996;2;9995;24;10004;2;10005;24;;;10001.0;695.0
-1;75300;RAINFOREST_RESIN;9996;1;9995;28;;;10004;1;10005;28;;;10000.0;695.0
-1;75300;KELP;2014;29;;;;;2017;29;;;;;2015.5;468.34375
-1;75400;RAINFOREST_RESIN;9996;1;9995;30;;;10004;1;10005;30;;;10000.0;695.0
-1;75400;KELP;2014;31;;;;;2017;31;;;;;2015.5;475.75
-1;75500;KELP;2014;34;;;;;2017;30;;;;;2015.5;474.796875
-1;75500;RAINFOREST_RESIN;9996;2;9995;28;;;10004;2;10005;28;;;10000.0;695.0
-1;75600;KELP;2014;28;;;;;2017;28;;;;;2015.5;466.3125
-1;75600;RAINFOREST_RESIN;10002;1;9996;2;9995;26;10004;2;10005;26;;;10003.0;697.0
